<?xml version="1.0" encoding="UTF-8"?>
<?xml-stylesheet type="text/xsl" href="https://www.revistas.usp.br/lib/pkp/xml/oai2.xsl" ?>
<OAI-PMH xmlns="http://www.openarchives.org/OAI/2.0/" xmlns:xsi="http://www.w3.org/2001/XMLSchema-instance" xsi:schemaLocation="http://www.openarchives.org/OAI/2.0/ http://www.openarchives.org/OAI/2.0/OAI-PMH.xsd">
<responseDate>2023-08-07T14:50:27Z</responseDate>
<request verb="ListRecords" metadataPrefix="marcxml" set="actafisiatrica">https://www.revistas.usp.br/actafisiatrica/oai</request>
<ListRecords>
<record>
<header>
<identifier>oai:revistas.usp.br:article/162587</identifier>
<datestamp>2020-10-05T18:58:51Z</datestamp>
<setSpec>actafisiatrica:Tend.+Refle.</setSpec>
<setSpec>driver</setSpec>
</header>
<metadata>
<record xmlns="http://www.loc.gov/MARC21/slim" xmlns:xsi="http://www.w3.org/2001/XMLSchema-instance" xsi:schemaLocation="http://www.loc.gov/MARC21/slim http://www.loc.gov/standards/marcxml/schema/MARC21slim.xsd">
<leader>     nmb a2200000Iu 4500</leader>
<controlfield tag="008">"180930 2018                        eng  "</controlfield>
<datafield tag="022" ind1="#" ind2="#">
<subfield code="$a">2317-0190</subfield>
</datafield>
<datafield tag="022" ind1="#" ind2="#">
<subfield code="$a">0104-7795</subfield>
</datafield>
<datafield tag="042" ind1=" " ind2=" ">
<subfield code="a">dc</subfield>
</datafield>
<datafield tag="245" ind1="0" ind2="0">
<subfield code="a">Testosterona e acidente vascular encefálico isquêmico</subfield>
</datafield>  <datafield tag="720" ind1="1" ind2=" ">
<subfield code="a">Camara, Lucas Caseri</subfield>
<subfield code="u">Universidade Federal de São Paulo – UNIFESP</subfield><subfield code="0">https://orcid.org/0000-0001-6329-2897</subfield></datafield>
<datafield tag="720" ind1="1" ind2=" ">
<subfield code="a">Gois, Aécio Flávio Teixeira de</subfield>
<subfield code="u">Universidade Federal de São Paulo – UNIFESP</subfield><subfield code="0">https://orcid.org/0000-0003-0217-1463</subfield></datafield>
<datafield tag="520" ind1=" " ind2=" ">
<subfield code="a"> Níveis de testosterona sérica já foram relacionados a piora de fatores hematológicos, função e envelhecimento vascular, contribuindo potencialmente para formação de trombos. Com o envelhecimento, dados epidemiológicos mostram declínio dos níveis de testosterona, prejuízo da função vascular e aumento das incidências de doenças vasculares, como o AVE. Objetivo: Descrever estudos que abordaram a potencial relação dos níveis de testosterona com a prevenção, apresentação clínica e prognóstico do AVE. Métodos: Uma pesquisa e seleção de artigos foi conduzida em três diferentes bases de dados (MEDLINE, SCIELO, LILACS) utilizando termos relacionados a testosterona e AVE (inglês e português), filtrada para estudos em humanos. Apenas estudos que abordaram algum aspecto da relação entre testosterona e AVE foram incluídos para discussão no presente estudo. Resultados: A busca resultou em 12 estudos relevantes para análise e discussão (7 observacionais, 3 transversais, 2 experimentais). Estudos observacionais verificaram um papel protetor da testosterona na incidência de AVE. Estudos transversais verificaram alterações endocrinológicas, como o hipogonadismo, na fase aguda do AVE, bem como melhor apresentação clínica (gravidade, tamanho da lesão). Estudos experimentais controlados verificaram benefícios clínicos e funcionais da suplementação de testosterona em pacientes em reabilitação. Conclusão: Apesar dos potenciais diversos benefícios destacados de níveis mais altos de testosterona no AVE, mais estudos que abordem de forma sistematizada o papel da testosterona em aspectos preventivos, de apresentação clínica, e de reabilitação e prognóstico serão bem vindos, para melhor manejo e otimização do tratamento do AVE. </subfield>
</datafield>
<datafield tag="260" ind1=" " ind2=" ">
<subfield code="b">Faculdade de Medicina, Universidade de São Paulo</subfield>
</datafield>
<dataField tag="260" ind1=" " ind2=" ">
<subfield code="c">2018-09-30 00:00:00</subfield>
</dataField>   <datafield tag="856" ind1=" " ind2=" ">
<subfield code="q">application/pdf</subfield>
</datafield>
<datafield tag="856" ind1="4" ind2="0">
<subfield code="u">https://www.revistas.usp.br/actafisiatrica/article/view/162587</subfield>
</datafield>  <datafield tag="786" ind1="0" ind2=" ">
<subfield code="n">Acta Fisiátrica; v. 25 n. 3 (2018)</subfield>
</datafield>  <datafield tag="546" ind1=" " ind2=" ">
<subfield code="a">por</subfield>
</datafield>   <datafield tag="540" ind1=" " ind2=" ">
<subfield code="a">Copyright (c) 2018 Acta Fisiátrica</subfield>
</datafield>
</record>
</metadata>
</record>