
<record>
<header>
<identifier>oai:revistas.usp.br:article/162643</identifier>
<datestamp>2020-10-05T18:58:51Z</datestamp>
<setSpec>actafisiatrica:Art.+Orig.</setSpec>
<setSpec>driver</setSpec>
</header>
<metadata>
<record xmlns="http://www.loc.gov/MARC21/slim" xmlns:xsi="http://www.w3.org/2001/XMLSchema-instance" xsi:schemaLocation="http://www.loc.gov/MARC21/slim http://www.loc.gov/standards/marcxml/schema/MARC21slim.xsd">
<leader>     nmb a2200000Iu 4500</leader>
<controlfield tag="008">"180930 2018                        eng  "</controlfield>
<datafield tag="022" ind1="#" ind2="#">
<subfield code="$a">2317-0190</subfield>
</datafield>
<datafield tag="022" ind1="#" ind2="#">
<subfield code="$a">0104-7795</subfield>
</datafield>
<datafield tag="042" ind1=" " ind2=" ">
<subfield code="a">dc</subfield>
</datafield>
<datafield tag="245" ind1="0" ind2="0">
<subfield code="a">Motivação de idosos com doença de Parkinson submetidos ao treino funcional, exercício aeróbico e exergame</subfield>
</datafield>  <datafield tag="720" ind1="1" ind2=" ">
<subfield code="a">Gomes, Sara Roza</subfield>
<subfield code="u">Universidade Federal da Bahia – UFBA</subfield></datafield>
<datafield tag="720" ind1="1" ind2=" ">
<subfield code="a">Trippo, Karen Valadares</subfield>
<subfield code="u">Universidade Federal da Bahia – UFBA</subfield></datafield>
<datafield tag="720" ind1="1" ind2=" ">
<subfield code="a">Guimarães, Daniela Oliveira</subfield>
<subfield code="u">Universidade Federal da Bahia – UFBA</subfield></datafield>
<datafield tag="720" ind1="1" ind2=" ">
<subfield code="a">Oliveira Filho, Jamary</subfield>
<subfield code="u">Universidade Federal da Bahia – UFBA</subfield></datafield>
<datafield tag="720" ind1="1" ind2=" ">
<subfield code="a">Dominguez-Ferraz, Daniel</subfield>
<subfield code="u">Universidade Federal da Bahia – UFBA</subfield><subfield code="0">https://orcid.org/0000-0003-3049-0058</subfield></datafield>
<datafield tag="520" ind1=" " ind2=" ">
<subfield code="a"> It is recommended that patients with Parkinsons disease (PD) perform physical exercise throughout their lives. Exercise should slow disease progression and motivate the patient. Objective: Verify and compare the motivation of elderly with PD submitted to functional training, stationary bicycle exercise and exergame. Method: A randomized clinical trial was developed at a referral center. Group 1 (G1) performed functional training, group 2 (G2) trained with stationary bicycle and group 3 (G3) played on Xbox 360 with Kinect sensor. At the end of training, an interview was conducted by a single non-blind investigator to evaluate patient motivation about therapeutic exercise programs they were submitted to. For each question there were four answers options: I was not motivated, I was not very motivated, I was motivated and I was very motivated. The variables were summarized in median and interquartile range and in absolute and relative frequencies. The Pearson Chi-square test was used for statistical inference. The level of significance was 5% (p &lt;0.05). Fifty-three older people with PD have participated. Results: Many participants have reported that exercise (G1: 72%, G2: 53%, G3: 44%) and the physiotherapist (G1: 83%, G2: 76%, G3: 94%) were very motivating. Only two participants of G2 rated exercise as not very motivating. However, no significant difference was found between the three groups. Conclusion: Older individuals with PD considered functional training, bicycle exercise and exergame as motivating modalities of physical exercise. </subfield>
</datafield>
<datafield tag="260" ind1=" " ind2=" ">
<subfield code="b">Faculdade de Medicina, Universidade de São Paulo</subfield>
</datafield>
<dataField tag="260" ind1=" " ind2=" ">
<subfield code="c">2018-09-30 00:00:00</subfield>
</dataField>   <datafield tag="856" ind1=" " ind2=" ">
<subfield code="q">application/pdf</subfield>
</datafield>
<datafield tag="856" ind1="4" ind2="0">
<subfield code="u">https://www.revistas.usp.br/actafisiatrica/article/view/162643</subfield>
</datafield>  <datafield tag="786" ind1="0" ind2=" ">
<subfield code="n">Acta Fisiátrica; v. 25 n. 3 (2018)</subfield>
</datafield>  <datafield tag="546" ind1=" " ind2=" ">
<subfield code="a">eng</subfield>
</datafield>   <datafield tag="540" ind1=" " ind2=" ">
<subfield code="a">Copyright (c) 2018 Acta Fisiátrica</subfield>
</datafield>
</record>
</metadata>
</record>