
<record>
<header>
<identifier>oai:revistas.usp.br:article/162645</identifier>
<datestamp>2020-10-05T18:58:51Z</datestamp>
<setSpec>actafisiatrica:Art.+Orig.</setSpec>
<setSpec>driver</setSpec>
</header>
<metadata>
<record xmlns="http://www.loc.gov/MARC21/slim" xmlns:xsi="http://www.w3.org/2001/XMLSchema-instance" xsi:schemaLocation="http://www.loc.gov/MARC21/slim http://www.loc.gov/standards/marcxml/schema/MARC21slim.xsd">
<leader>     nmb a2200000Iu 4500</leader>
<controlfield tag="008">"180930 2018                        eng  "</controlfield>
<datafield tag="022" ind1="#" ind2="#">
<subfield code="$a">2317-0190</subfield>
</datafield>
<datafield tag="022" ind1="#" ind2="#">
<subfield code="$a">0104-7795</subfield>
</datafield>
<datafield tag="042" ind1=" " ind2=" ">
<subfield code="a">dc</subfield>
</datafield>
<datafield tag="245" ind1="0" ind2="0">
<subfield code="a">Avaliação do alinhamento de joelhos e retropés em mulheres com e sem dor patelofemoral durante o exercício de agachamento</subfield>
</datafield>  <datafield tag="720" ind1="1" ind2=" ">
<subfield code="a">Quadros, Letícia Ruebenich de</subfield>
<subfield code="u">Universidade do Vale do Taquari – UNIVATES</subfield></datafield>
<datafield tag="720" ind1="1" ind2=" ">
<subfield code="a">Sehnem, Eduardo</subfield>
<subfield code="u">Universidade do Vale do Taquari – UNIVATES</subfield></datafield>
<datafield tag="720" ind1="1" ind2=" ">
<subfield code="a">Tiggemann, Carlos Leandro</subfield>
<subfield code="u">Universidade do Vale do Taquari – UNIVATES</subfield></datafield>
<datafield tag="520" ind1=" " ind2=" ">
<subfield code="a"> O agachamento, considerado um movimento biomecânico complexo em função de exigir alinhamento dinâmico, é um exercício frequentemente praticado. Se executado de forma errada, pode tornar-se fator de risco para lesões osteomioarticulares, como a dor patelofemoral. Objetivo: Avaliar o alinhamento dos joelhos e do retropé durante o exercício de agachamento em mulheres com e sem dor patelofemoral. Método: Foram selecionadas 25 mulheres, com idade entre 19 e 37 anos, praticantes de musculação há no mínimo seis meses, que referissem dor no joelho durante atividades funcionais. A amostra foi recrutada em quatro academias do Vale do Taquari. Após a aplicação de um Questionário, que abordou intensidade e comportamento da dor patelofemoral, as voluntárias foram divididas em dois grupos: 14 com dor patelofemoral e 11 sem dor patelofemoral. Foi filmada a execução do exercício de agachamento e do Step Down Test, para avaliar o alinhamento dos joelhos e retropé nestas atividades funcionais. Resultados: Os dados foram analisados por meio de estatística descritiva, teste t Student e Correlação de Pearson, com um nível de significância de p &lt; 0,05. Não houve diferença entre as variáveis, comparando-se o grupo com e sem dor patelofemoral. As participantes com maiores valores angulares de valgismo estático tendem a apresentar a mesma característica durante o teste Step Down. Conclusão: É necessária uma abordagem avaliativa individualizada, com a divisão em subgrupos, de acordo com a etiologia da dor. Questiona-se a classificação das alterações biomecânicas como causa ou efeito da dor patelofemoral e das compensações realizadas. </subfield>
</datafield>
<datafield tag="260" ind1=" " ind2=" ">
<subfield code="b">Faculdade de Medicina, Universidade de São Paulo</subfield>
</datafield>
<dataField tag="260" ind1=" " ind2=" ">
<subfield code="c">2018-09-30 00:00:00</subfield>
</dataField>   <datafield tag="856" ind1=" " ind2=" ">
<subfield code="q">application/pdf</subfield>
</datafield>
<datafield tag="856" ind1="4" ind2="0">
<subfield code="u">https://www.revistas.usp.br/actafisiatrica/article/view/162645</subfield>
</datafield>  <datafield tag="786" ind1="0" ind2=" ">
<subfield code="n">Acta Fisiátrica; v. 25 n. 3 (2018)</subfield>
</datafield>  <datafield tag="546" ind1=" " ind2=" ">
<subfield code="a">por</subfield>
</datafield>   <datafield tag="540" ind1=" " ind2=" ">
<subfield code="a">Copyright (c) 2018 Acta Fisiátrica</subfield>
</datafield>
</record>
</metadata>
</record>