
<record>
<header>
<identifier>oai:revistas.usp.br:article/162646</identifier>
<datestamp>2020-10-05T18:58:51Z</datestamp>
<setSpec>actafisiatrica:Rel.+Caso</setSpec>
<setSpec>driver</setSpec>
</header>
<metadata>
<record xmlns="http://www.loc.gov/MARC21/slim" xmlns:xsi="http://www.w3.org/2001/XMLSchema-instance" xsi:schemaLocation="http://www.loc.gov/MARC21/slim http://www.loc.gov/standards/marcxml/schema/MARC21slim.xsd">
<leader>     nmb a2200000Iu 4500</leader>
<controlfield tag="008">"180930 2018                        eng  "</controlfield>
<datafield tag="022" ind1="#" ind2="#">
<subfield code="$a">2317-0190</subfield>
</datafield>
<datafield tag="022" ind1="#" ind2="#">
<subfield code="$a">0104-7795</subfield>
</datafield>
<datafield tag="042" ind1=" " ind2=" ">
<subfield code="a">dc</subfield>
</datafield>
<datafield tag="245" ind1="0" ind2="0">
<subfield code="a">Resultados de um programa de exercício físico combinado na força muscular e capacidade funcional de um indivíduo com síndrome Pós-Poliomielite: relato de caso</subfield>
</datafield>  <datafield tag="720" ind1="1" ind2=" ">
<subfield code="a">Mota, Cristiane Gonçalves</subfield>
<subfield code="u">Instituto de Medicina Física e Reabilitação - FMUSP</subfield><subfield code="0">https://orcid.org/0000-0001-8596-8712</subfield></datafield>
<datafield tag="720" ind1="1" ind2=" ">
<subfield code="a">Silva, Susana Cristina Oliveira</subfield>
<subfield code="u">Instituto de Medicina Física e Reabilitação - FMUSP</subfield></datafield>
<datafield tag="720" ind1="1" ind2=" ">
<subfield code="a">Teixeira, Barbara Vilar</subfield>
<subfield code="u">Instituto de Medicina Física e Reabilitação - FMUSP</subfield></datafield>
<datafield tag="720" ind1="1" ind2=" ">
<subfield code="a">Oliveira, Fernanda Melo</subfield>
<subfield code="u">Instituto de Medicina Física e Reabilitação - FMUSP</subfield></datafield>
<datafield tag="720" ind1="1" ind2=" ">
<subfield code="a">Cardoso, Cristiane Vieira</subfield>
<subfield code="u">Instituto de Medicina Física e Reabilitação - FMUSP</subfield></datafield>
<datafield tag="520" ind1=" " ind2=" ">
<subfield code="a"> A Poliomielite Anterior Aguda (PAA) é uma patologia causada por um enterovírus, que predominantemente prejudica os neurônios motores inferiores, o que causa a paralisia muscular flácida e assimétrica, principalmente nos membros inferiores e que, tardiamente causa sintomas neuromusculares e declínio funcional denominados como Síndrome Pós-Poliomielite (SPP). Objetivo: Aplicar um programa de exercícios combinado e verificar os resultados na força muscular e capacidade funcional de um indivíduo idoso, com SPP. Métodos: A amostra foi composta por 1 mulher, idade 66 anos, com SPP, hipertensão arterial sistêmica, dislipidemia, hipotireoidismo. A força muscular foi mensurada por meio do teste de 7 – 10 repetições máximas (RM). A distância percorrida ao pedalar foi realizada por meio do Teste 12 minutos adaptado e o equilíbrio dinâmico foi avaliado por meio do Timed Up &amp; Go Test. Os exercícios foram realizados em 2 séries de 10 repetições, com intensidade de 60% de 1 RM, por 24 semanas. Resultados: Após 24 semanas, a força muscular de MMII apresentou aumento de 333,3% e a força de MMSS 216,5%. O equilíbrio dinâmico melhorou 34,3%. A distância percorrida ao pedalar aumentou 11,8%. Conclusão: Os dados por nós obtidos sugerem que pessoas com SPP, mesmo que idosas, poderão se beneficiar de um programa de exercícios para aumento da força muscular e melhora da capacidade funcional, porém é importante que outros estudos sejam desenvolvidos para verificar esses resultados em um número maior de pessoas. </subfield>
</datafield>
<datafield tag="260" ind1=" " ind2=" ">
<subfield code="b">Faculdade de Medicina, Universidade de São Paulo</subfield>
</datafield>
<dataField tag="260" ind1=" " ind2=" ">
<subfield code="c">2018-09-30 00:00:00</subfield>
</dataField>   <datafield tag="856" ind1=" " ind2=" ">
<subfield code="q">application/pdf</subfield>
</datafield>
<datafield tag="856" ind1="4" ind2="0">
<subfield code="u">https://www.revistas.usp.br/actafisiatrica/article/view/162646</subfield>
</datafield>  <datafield tag="786" ind1="0" ind2=" ">
<subfield code="n">Acta Fisiátrica; v. 25 n. 3 (2018)</subfield>
</datafield>  <datafield tag="546" ind1=" " ind2=" ">
<subfield code="a">por</subfield>
</datafield>   <datafield tag="540" ind1=" " ind2=" ">
<subfield code="a">Copyright (c) 2018 Acta Fisiátrica</subfield>
</datafield>
</record>
</metadata>
</record>