
<record>
<header>
<identifier>oai:revistas.usp.br:article/162668</identifier>
<datestamp>2020-10-05T18:58:51Z</datestamp>
<setSpec>actafisiatrica:Art.+Orig.</setSpec>
<setSpec>driver</setSpec>
</header>
<metadata>
<record xmlns="http://www.loc.gov/MARC21/slim" xmlns:xsi="http://www.w3.org/2001/XMLSchema-instance" xsi:schemaLocation="http://www.loc.gov/MARC21/slim http://www.loc.gov/standards/marcxml/schema/MARC21slim.xsd">
<leader>     nmb a2200000Iu 4500</leader>
<controlfield tag="008">"180930 2018                        eng  "</controlfield>
<datafield tag="022" ind1="#" ind2="#">
<subfield code="$a">2317-0190</subfield>
</datafield>
<datafield tag="022" ind1="#" ind2="#">
<subfield code="$a">0104-7795</subfield>
</datafield>
<datafield tag="042" ind1=" " ind2=" ">
<subfield code="a">dc</subfield>
</datafield>
<datafield tag="245" ind1="0" ind2="0">
<subfield code="a">Avaliação termográfica e adaptação à prótese de amputados de membros inferiores: um olhar qualitativo</subfield>
</datafield>  <datafield tag="720" ind1="1" ind2=" ">
<subfield code="a">Luz, Soraia Cristina Tonon da</subfield>
<subfield code="u">Universidade do Estado de Santa Catarina – UDESC</subfield><subfield code="0">https://orcid.org/0000-0003-3691-8668</subfield></datafield>
<datafield tag="720" ind1="1" ind2=" ">
<subfield code="a">Silva, Amanda Reinert</subfield>
<subfield code="u">Universidade do Estado de Santa Catarina – UDESC</subfield></datafield>
<datafield tag="720" ind1="1" ind2=" ">
<subfield code="a">Honório, Gesilani Júlia da Silva</subfield>
<subfield code="u">Universidade do Estado de Santa Catarina – UDESC</subfield></datafield>
<datafield tag="720" ind1="1" ind2=" ">
<subfield code="a">Santos, Kadine Priscila Bender dos</subfield>
<subfield code="u">Universidade do Estado de Santa Catarina – UDESC</subfield></datafield>
<datafield tag="720" ind1="1" ind2=" ">
<subfield code="a">Branco, Ruy Luiz Lorenzetti</subfield>
<subfield code="u">Universidade do Estado de Santa Catarina – UDESC</subfield></datafield>
<datafield tag="720" ind1="1" ind2=" ">
<subfield code="a">Ruy, Tayla Siqueira</subfield>
<subfield code="u">Universidade do Estado de Santa Catarina – UDESC</subfield></datafield>
<datafield tag="520" ind1=" " ind2=" ">
<subfield code="a"> Objetivo: Avaliar qualitativamente características do mapa termográfico do coto membro inferior íntegro e adaptação à prótese de pacientes amputados de membros inferiores. Método: Pesquisa qualitativa, do tipo descritiva e exploratória. Amostra foi composta por cinco indivíduos amputados de membros inferiores, de ambos os sexos, com os níveis transtibial e transfemural, idade entre 18 e 65 anos, alfabetizados e protetizados pelo Sistema Único de Saúde (SUS). Foi realizada anamnese e avaliação termográfica analisando qualitativamente o membro íntegro e coto aplicado o questionário Prothesis Evaluation Questionnaire (PEQ). Resultados: As imagens termográficas dos indivíduos transfemurais apresentaram no membro residual aumento da temperatura em região inguinal, podendo ser devido à fricção do encaixe superior da prótese. Em toda amostra percebeu-se diminuição da temperatura na extremidade inferior do coto, apontando uma possível redução de vascularização desta região. No PEQ o domínio fortemente mais citado como desfavorável para os participantes foi o de mobilidade, principalmente nas questões de subida e descida de escadas, subida e descida de morros íngremes e andar sobre lugares escorregadios. A transpiração dentro do encaixe e o inchaço do membro residual também foram queixas bem citadas pelos participantes. Conclusão: As questões de maior impacto à adaptação da prótese foram a mobilidade, transferência caraterísticas relacionadas ao edema, sensação de peso e desconforto térmico do membro residual na região do encaixe protético. A termografia evidenciou maiores valores de temperatura do membro íntegro, assim como aumento de temperatura na região do encaixe da prótese e redução de temperatura na extremidade do coto. </subfield>
</datafield>
<datafield tag="260" ind1=" " ind2=" ">
<subfield code="b">Faculdade de Medicina, Universidade de São Paulo</subfield>
</datafield>
<dataField tag="260" ind1=" " ind2=" ">
<subfield code="c">2018-09-30 00:00:00</subfield>
</dataField>   <datafield tag="856" ind1=" " ind2=" ">
<subfield code="q">application/pdf</subfield>
</datafield>
<datafield tag="856" ind1="4" ind2="0">
<subfield code="u">https://www.revistas.usp.br/actafisiatrica/article/view/162668</subfield>
</datafield>  <datafield tag="786" ind1="0" ind2=" ">
<subfield code="n">Acta Fisiátrica; v. 25 n. 3 (2018)</subfield>
</datafield>  <datafield tag="546" ind1=" " ind2=" ">
<subfield code="a">por</subfield>
</datafield>   <datafield tag="540" ind1=" " ind2=" ">
<subfield code="a">Copyright (c) 2018 Acta Fisiátrica</subfield>
</datafield>
</record>
</metadata>
</record>