
<record>
<header>
<identifier>oai:revistas.usp.br:article/162669</identifier>
<datestamp>2020-10-05T18:58:51Z</datestamp>
<setSpec>actafisiatrica:Art.+Orig.</setSpec>
<setSpec>driver</setSpec>
</header>
<metadata>
<record xmlns="http://www.loc.gov/MARC21/slim" xmlns:xsi="http://www.w3.org/2001/XMLSchema-instance" xsi:schemaLocation="http://www.loc.gov/MARC21/slim http://www.loc.gov/standards/marcxml/schema/MARC21slim.xsd">
<leader>     nmb a2200000Iu 4500</leader>
<controlfield tag="008">"180930 2018                        eng  "</controlfield>
<datafield tag="022" ind1="#" ind2="#">
<subfield code="$a">2317-0190</subfield>
</datafield>
<datafield tag="022" ind1="#" ind2="#">
<subfield code="$a">0104-7795</subfield>
</datafield>
<datafield tag="042" ind1=" " ind2=" ">
<subfield code="a">dc</subfield>
</datafield>
<datafield tag="245" ind1="0" ind2="0">
<subfield code="a">Adaptação transcultural da Trinity Amputation and Prosthesis Experience Scales - Revised (TAPES-R): avaliação dos processos psicossociais envolvidos no ajuste à amputação e à prótese</subfield>
</datafield>  <datafield tag="720" ind1="1" ind2=" ">
<subfield code="a">Matos, Denise Regina</subfield>
<subfield code="u">Rede SARAH de Hospitais de Reabilitação</subfield><subfield code="0">https://orcid.org/0000-0002-0866-4464</subfield></datafield>
<datafield tag="720" ind1="1" ind2=" ">
<subfield code="a">Naves, Juliana Fákir</subfield>
<subfield code="u">Universidade de Brasília – UnB</subfield></datafield>
<datafield tag="720" ind1="1" ind2=" ">
<subfield code="a">Araujo, Tereza Cristina Cavalcanti Ferreira de</subfield>
<subfield code="u">Universidade de Brasília – UnB</subfield><subfield code="0">https://orcid.org/0000-0002-5204-8124</subfield></datafield>
<datafield tag="520" ind1=" " ind2=" ">
<subfield code="a"> A literatura aponta ausência de instrumentos específicos para avaliação clínica e pesquisa direcionada a pessoas com amputação, sendo a escala TAPES-R relevante para análise dos aspectos psicossociais nessa população. Esta escala foi desenvolvida para avaliar os processos envolvidos na adaptação à amputação de membros inferiores e à prótese. Este instrumento abrange 33 itens organizados em três domínios - ajustamento psicossocial, restrição de atividade e satisfação com prótese, além de questões relacionadas com a dor do membro fantasma e do membro residual. Objetivo: Realizar adaptação transcultural da escala TAPES-R para aplicação na população brasileira. Método: A adaptação transcultural foi realizada em cinco etapas: tradução, tradução reversa, síntese das avaliações, avaliação por comitê de especialistas e teste final na população. Foi realizada a comparação entre as versões original e traduzida em relação às equivalências semântica, idiomática, cultural e conceitual. A versão final foi aplicada em 116 sujeitos amputados de membros inferiores. Resultados: Houve clareza quanto à compreensão do instrumento pelos participantes, indicando que o mesmo esteja apropriado à realidade do público-alvo na população brasileira. Amputação acima de joelho e tempo de uso da prótese abaixo de 10 horas/dia estão associados a pior ajustamento e menor satisfação com a prótese. Conclusão: O uso da escala TAPES-R permitiu avaliar a percepção dos indivíduos acerca da experiência com a amputação e prótese, possibilitando o uso clínico para avaliação de resultados voltados para a reabilitação de pacientes com amputação de membro inferiores. Serão desenvolvidos novos estudos para a continuidade de validação do instrumento. </subfield>
</datafield>
<datafield tag="260" ind1=" " ind2=" ">
<subfield code="b">Faculdade de Medicina, Universidade de São Paulo</subfield>
</datafield>
<dataField tag="260" ind1=" " ind2=" ">
<subfield code="c">2018-09-30 00:00:00</subfield>
</dataField>   <datafield tag="856" ind1=" " ind2=" ">
<subfield code="q">application/pdf</subfield>
</datafield>
<datafield tag="856" ind1="4" ind2="0">
<subfield code="u">https://www.revistas.usp.br/actafisiatrica/article/view/162669</subfield>
</datafield>  <datafield tag="786" ind1="0" ind2=" ">
<subfield code="n">Acta Fisiátrica; v. 25 n. 3 (2018)</subfield>
</datafield>  <datafield tag="546" ind1=" " ind2=" ">
<subfield code="a">por</subfield>
</datafield>   <datafield tag="540" ind1=" " ind2=" ">
<subfield code="a">Copyright (c) 2018 Acta Fisiátrica</subfield>
</datafield>
</record>
</metadata>
</record>