
<record>
<header>
<identifier>oai:revistas.usp.br:article/162671</identifier>
<datestamp>2020-10-05T18:58:51Z</datestamp>
<setSpec>actafisiatrica:Art.+Orig.</setSpec>
<setSpec>driver</setSpec>
</header>
<metadata>
<record xmlns="http://www.loc.gov/MARC21/slim" xmlns:xsi="http://www.w3.org/2001/XMLSchema-instance" xsi:schemaLocation="http://www.loc.gov/MARC21/slim http://www.loc.gov/standards/marcxml/schema/MARC21slim.xsd">
<leader>     nmb a2200000Iu 4500</leader>
<controlfield tag="008">"180930 2018                        eng  "</controlfield>
<datafield tag="022" ind1="#" ind2="#">
<subfield code="$a">2317-0190</subfield>
</datafield>
<datafield tag="022" ind1="#" ind2="#">
<subfield code="$a">0104-7795</subfield>
</datafield>
<datafield tag="042" ind1=" " ind2=" ">
<subfield code="a">dc</subfield>
</datafield>
<datafield tag="245" ind1="0" ind2="0">
<subfield code="a">Inclusão social no mercado de trabalho de pacientes amputados em processo de reabilitação</subfield>
</datafield>  <datafield tag="720" ind1="1" ind2=" ">
<subfield code="a">Hanashiro, Regina</subfield>
<subfield code="u">Instituto de Medicina Física e Reabilitação - FMUSP</subfield></datafield>
<datafield tag="720" ind1="1" ind2=" ">
<subfield code="a">Correia, Viviane Duarte</subfield>
<subfield code="u">Instituto de Medicina Física e Reabilitação - FMUSP</subfield></datafield>
<datafield tag="720" ind1="1" ind2=" ">
<subfield code="a">Sugawara, Andre Tadeu</subfield>
<subfield code="u">Instituto de Medicina Física e Reabilitação - FMUSP</subfield><subfield code="0">https://orcid.org/0000-0003-2818-2101</subfield></datafield>
<datafield tag="520" ind1=" " ind2=" ">
<subfield code="a"> Objetivo: Conhecer o processo de inclusão social no mercado de trabalho, do paciente amputado, e identificar alterações socioeconômicas, após o processo de reabilitação, além de contribuir para o levantamento de dados socioeconômicos acerca da pessoa com deficiência. Método: Pesquisa retrospectiva, quantitativa e qualitativa, sob a perspectiva dialética. Os dados foram obtidos por meio do Protocolo de Avaliação Social Institucional e relatórios sociais dos pacientes amputados, que passaram pelo ambulatório, após alta do processo em um Centro de Reabilitação no município de São Paulo, no período de abril a setembro de 2016. Resultados: Os sujeitos da pesquisa (23) foram, em sua maioria do gênero masculino (20), em idade ativa (média simples de 39,5 anos), com nível de escolaridade no ensino médio (9). A maioria (21) absteve das atividades laborais. Após a instalação da deficiência, houve queda na renda familiar. Inicialmente, (17) usufruem de benefícios previdenciários, (1) benefício assistencial, e (4) estão em processo de solicitação de benefício. Durante o tratamento reabilitativo, houve redução dos benefícios previdenciários (de 17 para 15), aumento nos benefícios assistenciais (3), (1) aguarda concessão de benefício, e 3 obtiveram alta do INSS. Conclusão: Os resultados apontam que os pacientes amputados sofrem alterações socioeconômicas, após a instalação da deficiência, decorrentes à abstenção as atividades laborais e rebaixamento na renda, apontando para a importância da proteção previdenciária e assistencial. Fatores como idade, escolaridade e quantidade de internações favoreceram o retorno dos pacientes amputados no mercado de trabalho. </subfield>
</datafield>
<datafield tag="260" ind1=" " ind2=" ">
<subfield code="b">Faculdade de Medicina, Universidade de São Paulo</subfield>
</datafield>
<dataField tag="260" ind1=" " ind2=" ">
<subfield code="c">2018-09-30 00:00:00</subfield>
</dataField>   <datafield tag="856" ind1=" " ind2=" ">
<subfield code="q">application/pdf</subfield>
</datafield>
<datafield tag="856" ind1="4" ind2="0">
<subfield code="u">https://www.revistas.usp.br/actafisiatrica/article/view/162671</subfield>
</datafield>  <datafield tag="786" ind1="0" ind2=" ">
<subfield code="n">Acta Fisiátrica; v. 25 n. 3 (2018)</subfield>
</datafield>  <datafield tag="546" ind1=" " ind2=" ">
<subfield code="a">por</subfield>
</datafield>   <datafield tag="540" ind1=" " ind2=" ">
<subfield code="a">Copyright (c) 2018 Acta Fisiátrica</subfield>
</datafield>
</record>
</metadata>
</record>