
<record>
<header>
<identifier>oai:revistas.usp.br:article/162672</identifier>
<datestamp>2020-10-05T18:58:51Z</datestamp>
<setSpec>actafisiatrica:Art.+Orig.</setSpec>
<setSpec>driver</setSpec>
</header>
<metadata>
<record xmlns="http://www.loc.gov/MARC21/slim" xmlns:xsi="http://www.w3.org/2001/XMLSchema-instance" xsi:schemaLocation="http://www.loc.gov/MARC21/slim http://www.loc.gov/standards/marcxml/schema/MARC21slim.xsd">
<leader>     nmb a2200000Iu 4500</leader>
<controlfield tag="008">"180930 2018                        eng  "</controlfield>
<datafield tag="022" ind1="#" ind2="#">
<subfield code="$a">2317-0190</subfield>
</datafield>
<datafield tag="022" ind1="#" ind2="#">
<subfield code="$a">0104-7795</subfield>
</datafield>
<datafield tag="042" ind1=" " ind2=" ">
<subfield code="a">dc</subfield>
</datafield>
<datafield tag="245" ind1="0" ind2="0">
<subfield code="a">Musicoterapia no processo de reabilitação de pacientes com amputação</subfield>
</datafield>  <datafield tag="720" ind1="1" ind2=" ">
<subfield code="a">Smith, Maristela Pires da Cruz</subfield>
<subfield code="u">Instituto de Medicina Física e Reabilitação - FMUSP</subfield></datafield>
<datafield tag="720" ind1="1" ind2=" ">
<subfield code="a">Alves, Vera Lucia Rodrigues</subfield>
<subfield code="u">Instituto de Medicina Física e Reabilitação - FMUSP</subfield></datafield>
<datafield tag="520" ind1=" " ind2=" ">
<subfield code="a"> A visão de totalidade do homem - homem como ser social - sugere que as ações reabilitadoras, aplicadas a pacientes acometidos por síndromes que os incapacitam fisicamente -  como amputações de membros do corpo - mostram-se eficazes resultando numa melhora, e mais rápida readaptação do sujeito, a novas formas de ‘estar no mundo’, mesmo vivenciando um estigma social de “pessoa diferente”. No estudo em questão trabalhou-se com os pressupostos epistemológicos da Psicologia Social Crítica, que foram demonstrados por meio de técnicas da Musicoterapia, pois se esperava que a prática de sessões de musicoterapia poderia facilitar a expressão da música interna dos sujeitos, conteúdo este narrado por meio de palavras, que foram transformadas em palavras cantadas e, posteriormente, em canções compostas. A participação dos envolvidos no trabalho clínico foi conjunta, isto é, entre pesquisadores e cada um dos 5 pacientes participantes, atendidos individualmente, já que se tratou de uma pesquisa-ação-participativa. As análises de discurso das narrativas de histórias de vida, foram feitas com base nas categorias que fundamentam a Psicologia Social Crítica. Os registros foram feitos a partir de observações do comportamento sonoro-musical dos pacientes, aplicando-se o “Modelo de Registro de Reações Sonoro-Rítmico-Musicais, Corpóreo-Vocais e Comportamentais”, tanto para o registro objetivo, quanto para as interpretações musicais subjetivas, tendo como referência teórica principal a ‘identidade como metamorfose’. </subfield>
</datafield>
<datafield tag="260" ind1=" " ind2=" ">
<subfield code="b">Faculdade de Medicina, Universidade de São Paulo</subfield>
</datafield>
<dataField tag="260" ind1=" " ind2=" ">
<subfield code="c">2018-09-30 00:00:00</subfield>
</dataField>   <datafield tag="856" ind1=" " ind2=" ">
<subfield code="q">application/pdf</subfield>
</datafield>
<datafield tag="856" ind1="4" ind2="0">
<subfield code="u">https://www.revistas.usp.br/actafisiatrica/article/view/162672</subfield>
</datafield>  <datafield tag="786" ind1="0" ind2=" ">
<subfield code="n">Acta Fisiátrica; v. 25 n. 3 (2018)</subfield>
</datafield>  <datafield tag="546" ind1=" " ind2=" ">
<subfield code="a">por</subfield>
</datafield>   <datafield tag="540" ind1=" " ind2=" ">
<subfield code="a">Copyright (c) 2018 Acta Fisiátrica</subfield>
</datafield>
</record>
</metadata>
</record>