
<record>
<header>
<identifier>oai:revistas.usp.br:article/162673</identifier>
<datestamp>2020-10-05T18:58:51Z</datestamp>
<setSpec>actafisiatrica:Art.+Orig.</setSpec>
<setSpec>driver</setSpec>
</header>
<metadata>
<record xmlns="http://www.loc.gov/MARC21/slim" xmlns:xsi="http://www.w3.org/2001/XMLSchema-instance" xsi:schemaLocation="http://www.loc.gov/MARC21/slim http://www.loc.gov/standards/marcxml/schema/MARC21slim.xsd">
<leader>     nmb a2200000Iu 4500</leader>
<controlfield tag="008">"180930 2018                        eng  "</controlfield>
<datafield tag="022" ind1="#" ind2="#">
<subfield code="$a">2317-0190</subfield>
</datafield>
<datafield tag="022" ind1="#" ind2="#">
<subfield code="$a">0104-7795</subfield>
</datafield>
<datafield tag="042" ind1=" " ind2=" ">
<subfield code="a">dc</subfield>
</datafield>
<datafield tag="245" ind1="0" ind2="0">
<subfield code="a">Resultados de um programa de condicionamento físico para indivíduos com hemiplegia após acidente vascular encefálico: comparação de dois métodos de intervenção</subfield>
</datafield>  <datafield tag="720" ind1="1" ind2=" ">
<subfield code="a">Cardoso, Cristiane Vieira</subfield>
<subfield code="u">Instituto de Medicina Física e Reabilitação - FMUSP</subfield></datafield>
<datafield tag="720" ind1="1" ind2=" ">
<subfield code="a">Cruz, Leonardo Danelon</subfield>
<subfield code="u">Instituto de Medicina Física e Reabilitação - FMUSP</subfield></datafield>
<datafield tag="720" ind1="1" ind2=" ">
<subfield code="a">Mota, Cristiane Gonçalves</subfield>
<subfield code="u">Instituto de Medicina Física e Reabilitação - FMUSP</subfield><subfield code="0">https://orcid.org/0000-0001-8596-8712</subfield></datafield>
<datafield tag="720" ind1="1" ind2=" ">
<subfield code="a">Miyahara, Katia Lina</subfield>
<subfield code="u">Instituto de Medicina Física e Reabilitação - FMUSP</subfield></datafield>
<datafield tag="720" ind1="1" ind2=" ">
<subfield code="a">Sabbag, Livia Maria dos Santos</subfield>
<subfield code="u">Instituto de Medicina Física e Reabilitação - FMUSP</subfield></datafield>
<datafield tag="520" ind1=" " ind2=" ">
<subfield code="a"> Objetivo: Comparar os resultados obtidos na força muscular de membros inferiores e capacidade funcional de pessoas com sequelas neurológicas após Acidente Vascular Encefálico, obtidos por meio de dois métodos de intervenção: uso de faixas elásticas e aparelhos de musculação. Métodos: 14 pessoas idades 58,5±9,4 (07 Grupo A; 07 Grupo B) participaram do programa de exercícios (grupo A intervenção com faixas elásticas e grupo B intervenção em aparelhos de musculação). Resultados: Houve aumento da força muscular, melhora do equilíbrio dinâmico e na capacidade funcional em sentar e levantar da cadeira para ambos os grupos. Conclusão: Exercícios físicos realizados com uso de faixas elásticas trazem benefícios para essas pessoas, tanto quanto os realizados em aparelhos de musculação. </subfield>
</datafield>
<datafield tag="260" ind1=" " ind2=" ">
<subfield code="b">Faculdade de Medicina, Universidade de São Paulo</subfield>
</datafield>
<dataField tag="260" ind1=" " ind2=" ">
<subfield code="c">2018-09-30 00:00:00</subfield>
</dataField>   <datafield tag="856" ind1=" " ind2=" ">
<subfield code="q">application/pdf</subfield>
</datafield>
<datafield tag="856" ind1="4" ind2="0">
<subfield code="u">https://www.revistas.usp.br/actafisiatrica/article/view/162673</subfield>
</datafield>  <datafield tag="786" ind1="0" ind2=" ">
<subfield code="n">Acta Fisiátrica; v. 25 n. 3 (2018)</subfield>
</datafield>  <datafield tag="546" ind1=" " ind2=" ">
<subfield code="a">por</subfield>
</datafield>   <datafield tag="540" ind1=" " ind2=" ">
<subfield code="a">Copyright (c) 2018 Acta Fisiátrica</subfield>
</datafield>
</record>
</metadata>
</record>