
<record>
<header>
<identifier>oai:revistas.usp.br:article/162674</identifier>
<datestamp>2020-10-05T18:58:51Z</datestamp>
<setSpec>actafisiatrica:Art.+Orig.</setSpec>
<setSpec>driver</setSpec>
</header>
<metadata>
<record xmlns="http://www.loc.gov/MARC21/slim" xmlns:xsi="http://www.w3.org/2001/XMLSchema-instance" xsi:schemaLocation="http://www.loc.gov/MARC21/slim http://www.loc.gov/standards/marcxml/schema/MARC21slim.xsd">
<leader>     nmb a2200000Iu 4500</leader>
<controlfield tag="008">"180930 2018                        eng  "</controlfield>
<datafield tag="022" ind1="#" ind2="#">
<subfield code="$a">2317-0190</subfield>
</datafield>
<datafield tag="022" ind1="#" ind2="#">
<subfield code="$a">0104-7795</subfield>
</datafield>
<datafield tag="042" ind1=" " ind2=" ">
<subfield code="a">dc</subfield>
</datafield>
<datafield tag="245" ind1="0" ind2="0">
<subfield code="a">Perfil neuropsicológico de pacientes com amputação maior de membros inferiores por etiologia vascular</subfield>
</datafield>  <datafield tag="720" ind1="1" ind2=" ">
<subfield code="a">Pessoa, Claudia Vohringer</subfield>
<subfield code="u">Associação de Assistência à Criança Deficiente – AACD</subfield></datafield>
<datafield tag="720" ind1="1" ind2=" ">
<subfield code="a">Paik, Sergio</subfield>
<subfield code="u">Associação de Assistência à Criança Deficiente – AACD</subfield></datafield>
<datafield tag="720" ind1="1" ind2=" ">
<subfield code="a">Correia, Gabriela Paixão</subfield>
<subfield code="u">Associação de Assistência à Criança Deficiente – AACD</subfield></datafield>
<datafield tag="720" ind1="1" ind2=" ">
<subfield code="a">Nobre, Isadora Di Natale</subfield>
<subfield code="u">Associação de Assistência à Criança Deficiente – AACD</subfield></datafield>
<datafield tag="720" ind1="1" ind2=" ">
<subfield code="a">Pardini, Adriana Cristina Guimarães</subfield>
<subfield code="u">Associação de Assistência à Criança Deficiente – AACD</subfield></datafield>
<datafield tag="720" ind1="1" ind2=" ">
<subfield code="a">Ingham, Sheila Jean McNeill</subfield>
<subfield code="u">Associação de Assistência à Criança Deficiente – AACD</subfield><subfield code="0">https://orcid.org/0000-0003-2072-1094</subfield></datafield>
<datafield tag="520" ind1=" " ind2=" ">
<subfield code="a"> Objetivo: O estudo objetivou traçar um perfil neuropsicológico breve de pacientes com amputação maior de membros inferiores por etiologia vascular e investigar a existência de correlações dos aspectos cognitivos com fatores sociodemográficos e clínicos. Método: Trata-se de um estudo transversal descritivo, realizado em um centro de reabilitação física de São Paulo - Brasil, em que foram aplicados: um instrumento de avaliação neuropsicológica breve (Neupsilin), um questionário de caracterização da amostra próprio e a Escala de Ansiedade e Depressão Hospitalar (HAD). Resultados: O desempenho cognitivo foi pior em funções que requerem habilidades aritméticas (42,2% dos pacientes com desempenho abaixo do esperado); percepção (46,3% dos pacientes abaixo do esperado); funções executivas, notadamente nas tarefas praxia construtiva (40,6% abaixo do esperado) e fluência verbal (35,9% abaixo do esperado), e linguagem (31,2% abaixo do esperado). Conclusão: O perfil cognitivo dos pacientes deste estudo revelou dificuldades relevantes das funções cognitivas avaliadas, especialmente em funções diretamente relacionadas à funcionalidade do paciente. </subfield>
</datafield>
<datafield tag="260" ind1=" " ind2=" ">
<subfield code="b">Faculdade de Medicina, Universidade de São Paulo</subfield>
</datafield>
<dataField tag="260" ind1=" " ind2=" ">
<subfield code="c">2018-09-30 00:00:00</subfield>
</dataField>   <datafield tag="856" ind1=" " ind2=" ">
<subfield code="q">application/pdf</subfield>
</datafield>
<datafield tag="856" ind1="4" ind2="0">
<subfield code="u">https://www.revistas.usp.br/actafisiatrica/article/view/162674</subfield>
</datafield>  <datafield tag="786" ind1="0" ind2=" ">
<subfield code="n">Acta Fisiátrica; v. 25 n. 3 (2018)</subfield>
</datafield>  <datafield tag="546" ind1=" " ind2=" ">
<subfield code="a">por</subfield>
</datafield>   <datafield tag="540" ind1=" " ind2=" ">
<subfield code="a">Copyright (c) 2018 Acta Fisiátrica</subfield>
</datafield>
</record>
</metadata>
</record>