
<record>
<header>
<identifier>oai:revistas.usp.br:article/162888</identifier>
<datestamp>2019-12-24T16:50:40Z</datestamp>
<setSpec>actafisiatrica:Art.+Orig.</setSpec>
<setSpec>driver</setSpec>
</header>
<metadata>
<record xmlns="http://www.loc.gov/MARC21/slim" xmlns:xsi="http://www.w3.org/2001/XMLSchema-instance" xsi:schemaLocation="http://www.loc.gov/MARC21/slim http://www.loc.gov/standards/marcxml/schema/MARC21slim.xsd">
<leader>     nmb a2200000Iu 4500</leader>
<controlfield tag="008">"181231 2018                        eng  "</controlfield>
<datafield tag="022" ind1="#" ind2="#">
<subfield code="$a">2317-0190</subfield>
</datafield>
<datafield tag="022" ind1="#" ind2="#">
<subfield code="$a">0104-7795</subfield>
</datafield>
<datafield tag="042" ind1=" " ind2=" ">
<subfield code="a">dc</subfield>
</datafield>
<datafield tag="245" ind1="0" ind2="0">
<subfield code="a">Influência do tratamento intensivo com suporte de peso corporal na função motora de crianças com paralisia cerebral</subfield>
</datafield>  <datafield tag="720" ind1="1" ind2=" ">
<subfield code="a">Reitz, Geison Sebastião</subfield>
<subfield code="u">Universidade do Estado de Santa Catarina – UDESC</subfield><subfield code="0">https://orcid.org/0000-0002-4860-9961</subfield></datafield>
<datafield tag="720" ind1="1" ind2=" ">
<subfield code="a">Chirolli, Milena Julia</subfield>
<subfield code="u">Universidade do Estado de Santa Catarina – UDESC</subfield></datafield>
<datafield tag="720" ind1="1" ind2=" ">
<subfield code="a">Assunção, Mariana Neis</subfield>
<subfield code="u">Universidade do Estado de Santa Catarina – UDESC</subfield></datafield>
<datafield tag="720" ind1="1" ind2=" ">
<subfield code="a">Crippa, Patricia Vieira de Souza</subfield>
<subfield code="u">Universidade do Estado de Santa Catarina – UDESC</subfield></datafield>
<datafield tag="720" ind1="1" ind2=" ">
<subfield code="a">Pereira, Suzana Matheus</subfield>
<subfield code="u">Universidade do Estado de Santa Catarina – UDESC</subfield></datafield>
<datafield tag="720" ind1="1" ind2=" ">
<subfield code="a">Roesler, Helio</subfield>
<subfield code="u">Universidade do Estado de Santa Catarina – UDESC</subfield><subfield code="0">https://orcid.org/0000-0002-1631-6961</subfield></datafield>
<datafield tag="520" ind1=" " ind2=" ">
<subfield code="a"> A aquisição da marcha sob o aspecto neuromotor da reabilitação vem a ser o principal desígnio do terapeuta durante a elaboração do plano de tratamento do paciente com paralisia cerebral, uma vez que a marcha representa não só um ganho da habilidade de locomover-se, mas também um conjunto de reações e padrões de movimento que auxiliam na função motora. Objetivo: Analisar os efeitos de um tratamento intensivo por meio do suporte de peso corporal em crianças com paralisia cerebral. Métodos: Participaram do estudo 10 crianças com paralisia cerebral, GMFCS nível IV ou V, idade entre 4 a 9 anos. Onde foram realizadas sessões diárias com suporte de peso corporal em esteira ergométrica com auxílio de terapeutas para executar o padrão de marcha mais próximo da normalidade, com pontos chaves em joelho e tornozelo com duração de 30 minutos de tratamento e intervalo de 24 horas, por um período de 10 dias. Para fins de avaliação pré e pós-intervenção, utilizando a escala de medição da função motora grossa GMFM, e da flexibilidade pelo Flexiteste. Resultados: Foi possível constatar um aumento relevante na função motora grossa dos sujeitos, onde o domínio Deitar e Rolar obteve maior pontuação, com um aumento de 10,77%. Sentar demonstrou aumento de 3,80%, Engatinhar e Ajoelhar 6,43% e o domínio Em Pé 3,45%. Relativo ao Flexiteste, a média entre os sujeitos relatou aumento expressivo de 4,2 pontos. Já em análise individual, percebe-se que 3 indivíduos obtiveram aumento de score de 6 pontos. Conclusão: Um protocolo intensivo de curta duração é capaz de trazer ganhos de flexibilidade e motores rápidos a crianças que possuem quadro de paralisia cerebral. </subfield>
</datafield>
<datafield tag="260" ind1=" " ind2=" ">
<subfield code="b">Faculdade de Medicina, Universidade de São Paulo</subfield>
</datafield>
<dataField tag="260" ind1=" " ind2=" ">
<subfield code="c">2018-12-31 00:00:00</subfield>
</dataField>   <datafield tag="856" ind1=" " ind2=" ">
<subfield code="q">application/pdf</subfield>
</datafield>
<datafield tag="856" ind1="4" ind2="0">
<subfield code="u">https://www.revistas.usp.br/actafisiatrica/article/view/162888</subfield>
</datafield>  <datafield tag="786" ind1="0" ind2=" ">
<subfield code="n">Acta Fisiátrica; v. 25 n. 4 (2018)</subfield>
</datafield>  <datafield tag="546" ind1=" " ind2=" ">
<subfield code="a">por</subfield>
</datafield>   <datafield tag="540" ind1=" " ind2=" ">
<subfield code="a">Copyright (c) 2018 Acta Fisiátrica</subfield>
</datafield>
</record>
</metadata>
</record>