
<record>
<header>
<identifier>oai:revistas.usp.br:article/163003</identifier>
<datestamp>2020-08-24T20:03:47Z</datestamp>
<setSpec>actafisiatrica:Tend.+Refle.</setSpec>
<setSpec>driver</setSpec>
</header>
<metadata>
<record xmlns="http://www.loc.gov/MARC21/slim" xmlns:xsi="http://www.w3.org/2001/XMLSchema-instance" xsi:schemaLocation="http://www.loc.gov/MARC21/slim http://www.loc.gov/standards/marcxml/schema/MARC21slim.xsd">
<leader>     nmb a2200000Iu 4500</leader>
<controlfield tag="008">"190331 2019                        eng  "</controlfield>
<datafield tag="022" ind1="#" ind2="#">
<subfield code="$a">2317-0190</subfield>
</datafield>
<datafield tag="022" ind1="#" ind2="#">
<subfield code="$a">0104-7795</subfield>
</datafield>
<datafield tag="042" ind1=" " ind2=" ">
<subfield code="a">dc</subfield>
</datafield>
<datafield tag="245" ind1="0" ind2="0">
<subfield code="a">Fenol como agente neurolítico no tratamento da espasticidade focal e multifocal</subfield>
</datafield>  <datafield tag="720" ind1="1" ind2=" ">
<subfield code="a">Carvajal, Dayrin Vanessa Tarazona</subfield>
<subfield code="u">Faculdade de Medicina, Universidade de São Paulo – FMUSP</subfield></datafield>
<datafield tag="720" ind1="1" ind2=" ">
<subfield code="a">Silva, Natália de Oliveira</subfield>
<subfield code="u">Faculdade de Medicina de Ribeirão Preto – FMRP-USP</subfield></datafield>
<datafield tag="720" ind1="1" ind2=" ">
<subfield code="a">Maeda, Lucas Soiti</subfield>
<subfield code="u">Faculdade de Medicina de Ribeirão Preto – FMRP-USP</subfield></datafield>
<datafield tag="720" ind1="1" ind2=" ">
<subfield code="a">Riberto, Marcelo</subfield>
<subfield code="u">Faculdade de Medicina de Ribeirão Preto – FMRP-USP</subfield><subfield code="0">https://orcid.org/0000-0001-9549-8830</subfield></datafield>
<datafield tag="520" ind1=" " ind2=" ">
<subfield code="a"> A síndrome piramidal ocorre nas lesões do sistema nervoso central que afetam as vias corticoespinhais e são definidas pela tríade de fraqueza muscular, aumento dos reflexos miotáticos e espasticidade, que é definida pelo aumento involuntário da resistência ao movimento passivo cuja intensidade varia com a velocidade do movimento. Quando a espasticidade interfere na funcionalidade do paciente, dificultando o movimento ativo, causando dor ou dificultando a prestação de cuidados por terceiros, há necessidade de iniciar seu tratamento. Para o tratamento da espasticidade generalizada ou de grandes porções do corpo, a intervenção medicamentosa ocorre por via oral ou intratecal, conforme os recursos disponíveis, mas efeitos colaterais de intensidade variável e indesejáveis podem ocorrer, especialmente o comprometimento da atenção ou da consciência, que prejudicam o processo de reabilitação. O tratamento focal da espasticidade utiliza a toxina botulínica ou os bloqueios nervosos com fenol ou álcool. Este artigo revisa a literatura sobre as técnicas mais adequadas para realizar a neurólise com fenol. Os bloqueios neuromusculares com fenol são um tratamento efetivo, de ação imediata, baixo custo, duração prolongada e de poucos efeitos adversos quando são respeitados os cuidados regulares de aplicação. </subfield>
</datafield>
<datafield tag="260" ind1=" " ind2=" ">
<subfield code="b">Faculdade de Medicina, Universidade de São Paulo</subfield>
</datafield>
<dataField tag="260" ind1=" " ind2=" ">
<subfield code="c">2019-03-31 00:00:00</subfield>
</dataField>   <datafield tag="856" ind1=" " ind2=" ">
<subfield code="q">application/pdf</subfield>
</datafield>
<datafield tag="856" ind1=" " ind2=" ">
<subfield code="q">application/pdf</subfield>
</datafield>
<datafield tag="856" ind1="4" ind2="0">
<subfield code="u">https://www.revistas.usp.br/actafisiatrica/article/view/163003</subfield>
</datafield>  <datafield tag="786" ind1="0" ind2=" ">
<subfield code="n">Acta Fisiátrica; v. 26 n. 1 (2019)</subfield>
</datafield>  <datafield tag="546" ind1=" " ind2=" ">
<subfield code="a">por</subfield>
</datafield>   <datafield tag="540" ind1=" " ind2=" ">
<subfield code="a">Copyright (c) 2019 Acta Fisiátrica</subfield>
</datafield>
</record>
</metadata>
</record>