
<record>
<header>
<identifier>oai:revistas.usp.br:article/163005</identifier>
<datestamp>2020-08-19T18:31:52Z</datestamp>
<setSpec>actafisiatrica:Art.+Orig.</setSpec>
<setSpec>driver</setSpec>
</header>
<metadata>
<record xmlns="http://www.loc.gov/MARC21/slim" xmlns:xsi="http://www.w3.org/2001/XMLSchema-instance" xsi:schemaLocation="http://www.loc.gov/MARC21/slim http://www.loc.gov/standards/marcxml/schema/MARC21slim.xsd">
<leader>     nmb a2200000Iu 4500</leader>
<controlfield tag="008">"190331 2019                        eng  "</controlfield>
<datafield tag="022" ind1="#" ind2="#">
<subfield code="$a">2317-0190</subfield>
</datafield>
<datafield tag="022" ind1="#" ind2="#">
<subfield code="$a">0104-7795</subfield>
</datafield>
<datafield tag="042" ind1=" " ind2=" ">
<subfield code="a">dc</subfield>
</datafield>
<datafield tag="245" ind1="0" ind2="0">
<subfield code="a">Características do perfil de indivíduos amputados atendidos em um instituto de reabilitação</subfield>
</datafield>  <datafield tag="720" ind1="1" ind2=" ">
<subfield code="a">Utiyama, Daniela Mitiyo Odagiri</subfield>
<subfield code="u">Instituto de Medicina Física e Reabilitação do Hospital das Clínicas, Universidade de São Paulo</subfield></datafield>
<datafield tag="720" ind1="1" ind2=" ">
<subfield code="a">Santos, Heyriane Martins dos</subfield>
<subfield code="u">Instituto de Medicina Física e Reabilitação do Hospital das Clínicas, Universidade de São Paulo</subfield></datafield>
<datafield tag="720" ind1="1" ind2=" ">
<subfield code="a">Papa, Leticia Gori Alves del</subfield>
<subfield code="u">Instituto de Medicina Física e Reabilitação do Hospital das Clínicas, Universidade de São Paulo</subfield></datafield>
<datafield tag="720" ind1="1" ind2=" ">
<subfield code="a">Silva, Nadja Moreira da</subfield>
<subfield code="u">Instituto de Medicina Física e Reabilitação do Hospital das Clínicas, Universidade de São Paulo</subfield></datafield>
<datafield tag="720" ind1="1" ind2=" ">
<subfield code="a">Sales, Viviane Caroline</subfield>
<subfield code="u">Instituto de Medicina Física e Reabilitação do Hospital das Clínicas, Universidade de São Paulo</subfield></datafield>
<datafield tag="720" ind1="1" ind2=" ">
<subfield code="a">Ayres, Denise Vianna Machado</subfield>
<subfield code="u">Instituto de Medicina Física e Reabilitação do Hospital das Clínicas, Universidade de São Paulo</subfield></datafield>
<datafield tag="720" ind1="1" ind2=" ">
<subfield code="a">Alfieri, Fabio Marcon</subfield>
<subfield code="u">Instituto de Medicina Física e Reabilitação do Hospital das Clínicas, Universidade de São Paulo</subfield><subfield code="0">https://orcid.org/0000-0002-5242-3246</subfield></datafield>
<datafield tag="720" ind1="1" ind2=" ">
<subfield code="a">Battistella, Linamara Rizzo</subfield>
<subfield code="u">Faculdade de Medicina, Universidade de São Paulo - USP</subfield><subfield code="0">https://orcid.org/0000-0001-5275-0733</subfield></datafield>
<datafield tag="520" ind1=" " ind2=" ">
<subfield code="a">Objetivo: Apresentar características do perfil de indivíduos amputados unilaterais na fase pré protética atendidos em um instituto de reabilitação hospitalar. Método: Estudo retrospectivo a partir dos registros dos prontuários dos pacientes amputados do Instituto de Medicina Física e Reabilitação da Universidade de São Paulo que realizaram reabilitação hospitalar na instituição. Foram analisados os prontuários de julho de 2015 até novembro de 2018. Nestes prontuários foram coletadas as informações sobre: idade, gênero, tipo de lesão, tempo da lesão, etiologia da lesão, mobilidade funcional por meio do teste Timed Up and Go (TUG), equilíbrio/funcionalidade por meio do teste Amputee Mobility Predictor (AMP), capacidade de caminhar por meio do teste de caminhada de 2 minutos (TC2Min). Análises descritivas foram feitas para avaliar as características demográficas e clínicas dos pacientes. Resultados: A média de idade foi de 43,59±16,52 anos, com tempo de amputação de 21,9±32,7 meses. Houve predominância do gênero masculino e a etiologia traumática e amputação transfemoral foram as mais prevalentes. Os dados clínicos encontrados foram: tempo de execução do teste TUG: 18,7 segundos, da AMP: 31,2 pontos, TC2Min: 111,2 metros.  Conclusão: Na fase pré-protética, a origem traumática foi predominante, sendo a maioria do gênero masculino. A amputação transfemoral foi superior às demais. O tempo médio da amputação até a internação é quase de dois anos. Os testes clínicos embora apresentem bons resultados, mostram a necessidade de serem aprimoradas as questões como, por exemplo, a mobilidade funcional que é condizente com risco de quedas nestes indivíduos.  </subfield>
</datafield>
<datafield tag="260" ind1=" " ind2=" ">
<subfield code="b">Faculdade de Medicina, Universidade de São Paulo</subfield>
</datafield>
<dataField tag="260" ind1=" " ind2=" ">
<subfield code="c">2019-03-31 00:00:00</subfield>
</dataField>   <datafield tag="856" ind1=" " ind2=" ">
<subfield code="q">application/pdf</subfield>
</datafield>
<datafield tag="856" ind1="4" ind2="0">
<subfield code="u">https://www.revistas.usp.br/actafisiatrica/article/view/163005</subfield>
</datafield>  <datafield tag="786" ind1="0" ind2=" ">
<subfield code="n">Acta Fisiátrica; v. 26 n. 1 (2019)</subfield>
</datafield>  <datafield tag="546" ind1=" " ind2=" ">
<subfield code="a">por</subfield>
</datafield>   <datafield tag="540" ind1=" " ind2=" ">
<subfield code="a">Copyright (c)  </subfield>
</datafield>
</record>
</metadata>
</record>