
<record>
<header>
<identifier>oai:revistas.usp.br:article/163008</identifier>
<datestamp>2020-08-21T14:43:21Z</datestamp>
<setSpec>actafisiatrica:Comun.+Breve</setSpec>
<setSpec>driver</setSpec>
</header>
<metadata>
<record xmlns="http://www.loc.gov/MARC21/slim" xmlns:xsi="http://www.w3.org/2001/XMLSchema-instance" xsi:schemaLocation="http://www.loc.gov/MARC21/slim http://www.loc.gov/standards/marcxml/schema/MARC21slim.xsd">
<leader>     nmb a2200000Iu 4500</leader>
<controlfield tag="008">"190331 2019                        eng  "</controlfield>
<datafield tag="022" ind1="#" ind2="#">
<subfield code="$a">2317-0190</subfield>
</datafield>
<datafield tag="022" ind1="#" ind2="#">
<subfield code="$a">0104-7795</subfield>
</datafield>
<datafield tag="042" ind1=" " ind2=" ">
<subfield code="a">dc</subfield>
</datafield>
<datafield tag="245" ind1="0" ind2="0">
<subfield code="a">Medo de cair, funcionalidade e dor em indivíduos com osteoartrite de joelho</subfield>
</datafield>  <datafield tag="720" ind1="1" ind2=" ">
<subfield code="a">Alfieri, Fabio Marcon</subfield>
<subfield code="u">Centro Universitário Adventista de São Paulo – UNASP</subfield><subfield code="0">https://orcid.org/0000-0002-5242-3246</subfield></datafield>
<datafield tag="720" ind1="1" ind2=" ">
<subfield code="a">Silva, Natália Cristina de Oliveira Vargas</subfield>
<subfield code="u">Centro Universitário Adventista de São Paulo – UNASP</subfield><subfield code="0">https://orcid.org/0000-0002-0747-9478</subfield></datafield>
<datafield tag="520" ind1=" " ind2=" ">
<subfield code="a"> Objetivo: Avaliar a relação entre o medo de cair e mobilidade funcional, incapacidade e dor em indivíduos com osteoartrite de joelho. Método: Trata-se de um estudo transversal observacional do qual participaram indivíduos com osteoartrite de joelho. Os participantes foram submetidos às avaliações de funcionalidade pelos questionários de Lequesne e WOMAC, medo de cair pela Falls Eficacy Scale, intensidade de dor pela Escala Visual Analógica, e mobilidade funcional pelo teste Timed Up and Go. Resultados: 61 indivíduos foram divididos segundo o medo de cair em: baixo risco de queda, queda esporádica e queda recorrente. Os dados mostraram que, quanto maior o medo de cair, piores foram os resultados em relação à dor, funcionalidade e mobilidade funcional. Conclusão: Em indivíduos com osteoartrite, existe associação entre medo de cair, funcionalidade, mobilidade e dor. </subfield>
</datafield>
<datafield tag="260" ind1=" " ind2=" ">
<subfield code="b">Faculdade de Medicina, Universidade de São Paulo</subfield>
</datafield>
<dataField tag="260" ind1=" " ind2=" ">
<subfield code="c">2019-03-31 00:00:00</subfield>
</dataField>   <datafield tag="856" ind1=" " ind2=" ">
<subfield code="q">application/pdf</subfield>
</datafield>
<datafield tag="856" ind1="4" ind2="0">
<subfield code="u">https://www.revistas.usp.br/actafisiatrica/article/view/163008</subfield>
</datafield>  <datafield tag="786" ind1="0" ind2=" ">
<subfield code="n">Acta Fisiátrica; v. 26 n. 1 (2019)</subfield>
</datafield>  <datafield tag="546" ind1=" " ind2=" ">
<subfield code="a">por</subfield>
</datafield>   <datafield tag="540" ind1=" " ind2=" ">
<subfield code="a">Copyright (c) 2019 Acta Fisiátrica</subfield>
</datafield>
</record>
</metadata>
</record>