
<record>
<header>
<identifier>oai:revistas.usp.br:article/163012</identifier>
<datestamp>2020-08-20T14:29:02Z</datestamp>
<setSpec>actafisiatrica:Art.+Orig.</setSpec>
<setSpec>driver</setSpec>
</header>
<metadata>
<record xmlns="http://www.loc.gov/MARC21/slim" xmlns:xsi="http://www.w3.org/2001/XMLSchema-instance" xsi:schemaLocation="http://www.loc.gov/MARC21/slim http://www.loc.gov/standards/marcxml/schema/MARC21slim.xsd">
<leader>     nmb a2200000Iu 4500</leader>
<controlfield tag="008">"190331 2019                        eng  "</controlfield>
<datafield tag="022" ind1="#" ind2="#">
<subfield code="$a">2317-0190</subfield>
</datafield>
<datafield tag="022" ind1="#" ind2="#">
<subfield code="$a">0104-7795</subfield>
</datafield>
<datafield tag="042" ind1=" " ind2=" ">
<subfield code="a">dc</subfield>
</datafield>
<datafield tag="245" ind1="0" ind2="0">
<subfield code="a">Core set da Classificação Internacional da Funcionalidade para lesão medular: construção e validação de instrumento</subfield>
</datafield>  <datafield tag="720" ind1="1" ind2=" ">
<subfield code="a">Vianna, Patrícia Carla</subfield>
<subfield code="u">Escola de Enfermagem de Ribeirão Preto da Universidade de São Paulo – EERP/USP</subfield></datafield>
<datafield tag="720" ind1="1" ind2=" ">
<subfield code="a">Rabeh, Soraia Assad Nasbine</subfield>
<subfield code="u">Escola de Enfermagem de Ribeirão Preto da Universidade de São Paulo – EERP/USP</subfield><subfield code="0">https://orcid.org/0000-0002-5998-5137</subfield></datafield>
<datafield tag="720" ind1="1" ind2=" ">
<subfield code="a">Coelho, Juliana Nogueira</subfield>
<subfield code="u">Faculdade de Medicina de Ribeirão Preto da Universidade de São Paulo – FMRP/USP</subfield></datafield>
<datafield tag="720" ind1="1" ind2=" ">
<subfield code="a">Riberto, Marcelo</subfield>
<subfield code="u">Faculdade de Medicina de Ribeirão Preto da Universidade de São Paulo – FMRP/USP</subfield><subfield code="0">https://orcid.org/0000-0001-9549-8830</subfield></datafield>
<datafield tag="720" ind1="1" ind2=" ">
<subfield code="a">Castro, Fabiana Faleiros Santana</subfield>
<subfield code="u">Escola de Enfermagem de Ribeirão Preto da Universidade de São Paulo – EERP/USP</subfield></datafield>
<datafield tag="720" ind1="1" ind2=" ">
<subfield code="a">Teodoro, Maria Lorena</subfield>
<subfield code="u">Escola de Enfermagem de Ribeirão Preto da Universidade de São Paulo – EERP/USP</subfield></datafield>
<datafield tag="520" ind1=" " ind2=" ">
<subfield code="a"> Objetivo: Descrever o processo de desenvolvimento e validação do instrumento baseado no Core Set resumido da Classificação Internacional da Funcionalidade, Incapacidade e Saúde para indivíduos com lesão medular aguda. Método: No estudo metodológico foi desenvolvido um instrumento para avaliação da funcionalidade de indivíduos com lesão medular aguda traumática. A validação de face e conteúdo do instrumento foi realizada por um comitê de especialistas, compreendendo as etapas preconizadas na literatura. Como parte desse processo, foi realizado o pré-teste, com 10 indivíduos com lesão medular aguda traumática, com até 6 meses de lesão. Resultados: Na maioria dos itens do instrumento, os participantes fizeram sugestões que visavam à modificação de termos técnicos, para serem substituídos ou reformulados para melhor compreensão pelo público alvo. Para a análise de dados o mínimo de concordância estabelecido foi de 80%. Conclusão: A contribuição do estudo refere-se à possibilidade de utilizar uma ferramenta inovadora pela equipe multidisciplinar na prática clínica. </subfield>
</datafield>
<datafield tag="260" ind1=" " ind2=" ">
<subfield code="b">Faculdade de Medicina, Universidade de São Paulo</subfield>
</datafield>
<dataField tag="260" ind1=" " ind2=" ">
<subfield code="c">2019-03-31 00:00:00</subfield>
</dataField>   <datafield tag="856" ind1=" " ind2=" ">
<subfield code="q">application/pdf</subfield>
</datafield>
<datafield tag="856" ind1="4" ind2="0">
<subfield code="u">https://www.revistas.usp.br/actafisiatrica/article/view/163012</subfield>
</datafield>  <datafield tag="786" ind1="0" ind2=" ">
<subfield code="n">Acta Fisiátrica; v. 26 n. 1 (2019)</subfield>
</datafield>  <datafield tag="546" ind1=" " ind2=" ">
<subfield code="a">por</subfield>
</datafield>   <datafield tag="540" ind1=" " ind2=" ">
<subfield code="a">Copyright (c) 2019 Acta Fisiátrica</subfield>
</datafield>
</record>
</metadata>
</record>