
<record>
<header>
<identifier>oai:revistas.usp.br:article/163015</identifier>
<datestamp>2020-08-21T11:34:11Z</datestamp>
<setSpec>actafisiatrica:Art.+Orig.</setSpec>
<setSpec>driver</setSpec>
</header>
<metadata>
<record xmlns="http://www.loc.gov/MARC21/slim" xmlns:xsi="http://www.w3.org/2001/XMLSchema-instance" xsi:schemaLocation="http://www.loc.gov/MARC21/slim http://www.loc.gov/standards/marcxml/schema/MARC21slim.xsd">
<leader>     nmb a2200000Iu 4500</leader>
<controlfield tag="008">"190331 2019                        eng  "</controlfield>
<datafield tag="022" ind1="#" ind2="#">
<subfield code="$a">2317-0190</subfield>
</datafield>
<datafield tag="022" ind1="#" ind2="#">
<subfield code="$a">0104-7795</subfield>
</datafield>
<datafield tag="042" ind1=" " ind2=" ">
<subfield code="a">dc</subfield>
</datafield>
<datafield tag="245" ind1="0" ind2="0">
<subfield code="a">Avaliação do limite de estabilidade pelo Teste Alcance Funcional anterior em idosos</subfield>
</datafield>  <datafield tag="720" ind1="1" ind2=" ">
<subfield code="a">Rosa, Matheus Augusto Braga Marques Vieira</subfield>
<subfield code="u">Universidade Cidade de São Paulo – UNICID</subfield></datafield>
<datafield tag="720" ind1="1" ind2=" ">
<subfield code="a">Coimbra, Arlete Maria Valente</subfield>
<subfield code="u">Universidade Estadual de Campinas – UNICAMP</subfield></datafield>
<datafield tag="720" ind1="1" ind2=" ">
<subfield code="a">Nascimento, Adriana Ferreira do</subfield>
<subfield code="u">Universidade Cidade de São Paulo – UNICID</subfield></datafield>
<datafield tag="720" ind1="1" ind2=" ">
<subfield code="a">Ricci, Natalia Aquaroni</subfield>
<subfield code="u">Universidade Cidade de São Paulo – UNICID</subfield><subfield code="0">https://orcid.org/0000-0002-8651-172X</subfield></datafield>
<datafield tag="520" ind1=" " ind2=" ">
<subfield code="a"> O Teste Alcance Funcional avalia o limite de estabilidade, isto é, o quanto o indivíduo pode se movimentar sem alterar sua base de sustentação. Objetivo: Avaliar idosos pelo Teste Alcance Funcional (AF) e verificar os fatores associados ao seu desempenho. Métodos: Pesquisa observacional de corte transversal com análise secundária de dados coletados em estudo prévio. Amostra de idosos da comunidade (≥ 65 anos), de Unidade de Saúde da Família, de ambos os sexos e com deambulação independente. Foram coletadas do banco as informações sociodemográficas, antropométricas, clínicas e de equilíbrio corporal (AF, Time Up and Go-TUG e Escala de Equilíbrio de Berg). O AF foi mensurado em uma única tentativa pelo deslocamento anterior do idoso, sendo classificado de forma numérica (cm) e categórica pela Berg. Foi realizada estatística descritiva e inferencial (testes de correlação e associação) Resultados: Foram avaliados 96 idosos com média de 74,8 anos, AF de 22,5±7,2 cm e 49% conseguiram alcançar à frente mais que 25 cm. Houve correlação entre o AF e variáveis sociodemográficas (idade), antropométricas (altura, peso e comprimento do pé), clínicas (força de preensão palmar e dor) e de equilíbrio (TUG e Berg). Idosos com faixa etária mais avançada, com doença endócrina, baixa acuidade visual, sedentários, com histórico de quedas, com queixas de dor e tontura apresentaram estatisticamente pior desempenho no AF. Conclusão: Idosos de Unidade de Saúde da Família apresentam AF levemente reduzido em relação à normalidade. Alguns fatores estão associados ao desempenho no AF e devem ser considerados na interpretação de seus resultados. </subfield>
</datafield>
<datafield tag="260" ind1=" " ind2=" ">
<subfield code="b">Faculdade de Medicina, Universidade de São Paulo</subfield>
</datafield>
<dataField tag="260" ind1=" " ind2=" ">
<subfield code="c">2019-03-31 00:00:00</subfield>
</dataField>   <datafield tag="856" ind1=" " ind2=" ">
<subfield code="q">application/pdf</subfield>
</datafield>
<datafield tag="856" ind1="4" ind2="0">
<subfield code="u">https://www.revistas.usp.br/actafisiatrica/article/view/163015</subfield>
</datafield>  <datafield tag="786" ind1="0" ind2=" ">
<subfield code="n">Acta Fisiátrica; v. 26 n. 1 (2019)</subfield>
</datafield>  <datafield tag="546" ind1=" " ind2=" ">
<subfield code="a">por</subfield>
</datafield>   <datafield tag="540" ind1=" " ind2=" ">
<subfield code="a">Copyright (c) 2019 Acta Fisiátrica</subfield>
</datafield>
</record>
</metadata>
</record>