
<record>
<header>
<identifier>oai:revistas.usp.br:article/163071</identifier>
<datestamp>2020-08-21T13:50:53Z</datestamp>
<setSpec>actafisiatrica:Art.+Orig.</setSpec>
<setSpec>driver</setSpec>
</header>
<metadata>
<record xmlns="http://www.loc.gov/MARC21/slim" xmlns:xsi="http://www.w3.org/2001/XMLSchema-instance" xsi:schemaLocation="http://www.loc.gov/MARC21/slim http://www.loc.gov/standards/marcxml/schema/MARC21slim.xsd">
<leader>     nmb a2200000Iu 4500</leader>
<controlfield tag="008">"190331 2019                        eng  "</controlfield>
<datafield tag="022" ind1="#" ind2="#">
<subfield code="$a">2317-0190</subfield>
</datafield>
<datafield tag="022" ind1="#" ind2="#">
<subfield code="$a">0104-7795</subfield>
</datafield>
<datafield tag="042" ind1=" " ind2=" ">
<subfield code="a">dc</subfield>
</datafield>
<datafield tag="245" ind1="0" ind2="0">
<subfield code="a">Repercussões do treinamento com realidade virtual não imersiva nas habilidades motoras manuais de pessoas com doença de Parkinson</subfield>
</datafield>  <datafield tag="720" ind1="1" ind2=" ">
<subfield code="a">Silva, Gabriela Letícia Oliveira</subfield>
<subfield code="u">Universidade Federal de Pernambuco – UFPE</subfield></datafield>
<datafield tag="720" ind1="1" ind2=" ">
<subfield code="a">Ceron, Bárbara Morais</subfield>
<subfield code="u">Universidade Federal de Pernambuco – UFPE</subfield></datafield>
<datafield tag="720" ind1="1" ind2=" ">
<subfield code="a">Borba, Karolyne Monteiro</subfield>
<subfield code="u">Universidade Federal de Pernambuco – UFPE</subfield></datafield>
<datafield tag="720" ind1="1" ind2=" ">
<subfield code="a">Amaral, Daniela Salgado</subfield>
<subfield code="u">Universidade Federal de Pernambuco – UFPE</subfield></datafield>
<datafield tag="720" ind1="1" ind2=" ">
<subfield code="a">Marcelino, Juliana Fonseca de Queiroz</subfield>
<subfield code="u">Universidade Federal de Pernambuco – UFPE</subfield></datafield>
<datafield tag="720" ind1="1" ind2=" ">
<subfield code="a">Coriolano, Maria das Graças Wanderley de Sales</subfield>
<subfield code="u">Universidade Federal de Pernambuco – UFPE</subfield><subfield code="0">https://orcid.org/0000-0002-7937-7761</subfield></datafield>
<datafield tag="720" ind1="1" ind2=" ">
<subfield code="a">Sanguinetti, Danielle Carneiro de Menezes</subfield>
<subfield code="u">Universidade Federal de Pernambuco – UFPE</subfield><subfield code="0">https://orcid.org/0000-0003-4894-7490</subfield></datafield>
<datafield tag="520" ind1=" " ind2=" ">
<subfield code="a"> Dentre os problemas motores e não motores que acometem as pessoas com Doença de Parkinson, existem as dificuldades na escrita manual, denominada micrografia. No treino com realidade virtual não imersiva para escrita, o terapeuta ocupacional tem competência para planejar o tratamento por meio da análise da atividade, a fim de amenizar e prevenir os impactos da Doença de Parkinson nas ocupações. Objetivo: Analisar as repercussões do treinamento com realidade virtual não imersiva nas habilidades motoras manuais de pessoas com Doença de Parkinson. Métodos: Trata-se de um estudo de intervenção, do tipo ensaio clínico não controlado, de natureza quantitativa. O treinamento com realidade virtual não imersiva contemplou o uso do tablet e dos aplicativos Dexteria®, Smash Hit e Dots. O estudo foi vinculado ao Programa de Extensão Pró-Parkinson e ao Projeto Pró-Parkinson: Terapia Ocupacional. Resultados: A amostra foi composta por dez participantes de ambos os sexos. Em relação à dominância do membro superior, apenas um participante era canhoto. A análise da atividade foi fundamental para estimular as habilidades requeridas pelos aplicativos. De acordo com o analisado, os resultados encontrados são favoráveis aos participantes da pesquisa por corresponder a uma doença neurodegenerativa. A realidade virtual não imersiva é um recurso favorável para fornecer estímulos visuais com propósito de melhorar a velocidade de movimento, refletindo na mobilidade funcional. Conclusão: O treino com os aplicativos selecionados pela técnica de análise da atividade, em realidade virtual não imersiva melhorou e/ou manteve as habilidades motoras dos participantes, mesmo nos estágios mais avançados da doença. </subfield>
</datafield>
<datafield tag="260" ind1=" " ind2=" ">
<subfield code="b">Faculdade de Medicina, Universidade de São Paulo</subfield>
</datafield>
<dataField tag="260" ind1=" " ind2=" ">
<subfield code="c">2019-03-31 00:00:00</subfield>
</dataField>   <datafield tag="856" ind1=" " ind2=" ">
<subfield code="q">application/pdf</subfield>
</datafield>
<datafield tag="856" ind1="4" ind2="0">
<subfield code="u">https://www.revistas.usp.br/actafisiatrica/article/view/163071</subfield>
</datafield>  <datafield tag="786" ind1="0" ind2=" ">
<subfield code="n">Acta Fisiátrica; v. 26 n. 1 (2019)</subfield>
</datafield>  <datafield tag="546" ind1=" " ind2=" ">
<subfield code="a">por</subfield>
</datafield>   <datafield tag="540" ind1=" " ind2=" ">
<subfield code="a">Copyright (c) 2019 Acta Fisiátrica</subfield>
</datafield>
</record>
</metadata>
</record>