
<record>
<header>
<identifier>oai:revistas.usp.br:article/163302</identifier>
<datestamp>2020-08-18T20:10:59Z</datestamp>
<setSpec>actafisiatrica:Art.+Orig.</setSpec>
<setSpec>driver</setSpec>
</header>
<metadata>
<record xmlns="http://www.loc.gov/MARC21/slim" xmlns:xsi="http://www.w3.org/2001/XMLSchema-instance" xsi:schemaLocation="http://www.loc.gov/MARC21/slim http://www.loc.gov/standards/marcxml/schema/MARC21slim.xsd">
<leader>     nmb a2200000Iu 4500</leader>
<controlfield tag="008">"190331 2019                        eng  "</controlfield>
<datafield tag="022" ind1="#" ind2="#">
<subfield code="$a">2317-0190</subfield>
</datafield>
<datafield tag="022" ind1="#" ind2="#">
<subfield code="$a">0104-7795</subfield>
</datafield>
<datafield tag="042" ind1=" " ind2=" ">
<subfield code="a">dc</subfield>
</datafield>
<datafield tag="245" ind1="0" ind2="0">
<subfield code="a">Confiabilidade de um aplicativo de goniometria para dispositivo móvel (Android): Goniôapp</subfield>
</datafield>  <datafield tag="720" ind1="1" ind2=" ">
<subfield code="a">Bobsin, Estéfani Teixeira</subfield>
<subfield code="u">Universidade Luterana do Brasil – ULBRA</subfield></datafield>
<datafield tag="720" ind1="1" ind2=" ">
<subfield code="a">Brehm, Taís Espíndula</subfield>
<subfield code="u">Universidade Luterana do Brasil – ULBRA</subfield></datafield>
<datafield tag="720" ind1="1" ind2=" ">
<subfield code="a">Silva, Gabriel Gomes</subfield>
<subfield code="u">Universidade Luterana do Brasil – ULBRA</subfield></datafield>
<datafield tag="720" ind1="1" ind2=" ">
<subfield code="a">Mengue, Luiz Fernando</subfield>
<subfield code="u">Universidade Luterana do Brasil – ULBRA</subfield></datafield>
<datafield tag="720" ind1="1" ind2=" ">
<subfield code="a">Carlos, Analu Engler</subfield>
<subfield code="u">Universidade Luterana do Brasil – ULBRA</subfield></datafield>
<datafield tag="720" ind1="1" ind2=" ">
<subfield code="a">Dohnert, Marcelo Baptista</subfield>
<subfield code="u">Universidade Luterana do Brasil – ULBRA</subfield></datafield>
<datafield tag="720" ind1="1" ind2=" ">
<subfield code="a">Daitx, Rodrigo Boff</subfield>
<subfield code="u">Universidade Luterana do Brasil – ULBRA</subfield><subfield code="0">https://orcid.org/0000-0002-6194-5310</subfield></datafield>
<datafield tag="520" ind1=" " ind2=" ">
<subfield code="a"> A goniometria é uma técnica utilizada para avaliar a amplitude de movimento (ADM) das articulações do corpo humano. O goniômetro universal (GU) é o instrumento mais utilizado pelos fisioterapeutas para avaliar a ADM. O aplicativo Goniôapp foi desenvolvido com a função de um goniômetro universal para avaliar a ADM. Objetivo: Avaliar a confiabilidade do aplicativo Goniôapp para aparelho móvel (Android) na avaliação da ADM de indivíduos saudáveis. Método: Estudo de validação de tecnologia com 44 alunos de fisioterapia da Ulbra Torres RS sendo 10 alunos do sexo masculino e 34 do sexo feminino. Foi avaliado a ADM da articulação glenoumeral do lado direito através da goniometria e do Goniôapp por três avaliadores previamente treinados com os instrumentos. Resultados: Foi verificado um nível de confiabilidade inter examinador moderado para extensão, flexão, abdução e rotação externa entre todos os avaliadores. Já na avaliação de confiabilidade intra examinador, o avaliador 1 e o 2 apresentaram um nível de confiabilidade alto para o movimento de extensão e os demais movimentos apresentaram nível moderado, porém, somente o avaliador 3 apresentou um nível alto para todos os movimentos. Conclusão: O aplicativo para dispositivo móvel (Android) Goniôapp apresenta nível de confiabilidade semelhantes a técnica do GU tanto intra quanto interavaliadores. </subfield>
</datafield>
<datafield tag="260" ind1=" " ind2=" ">
<subfield code="b">Faculdade de Medicina, Universidade de São Paulo</subfield>
</datafield>
<dataField tag="260" ind1=" " ind2=" ">
<subfield code="c">2019-03-31 00:00:00</subfield>
</dataField>   <datafield tag="856" ind1=" " ind2=" ">
<subfield code="q">application/pdf</subfield>
</datafield>
<datafield tag="856" ind1="4" ind2="0">
<subfield code="u">https://www.revistas.usp.br/actafisiatrica/article/view/163302</subfield>
</datafield>  <datafield tag="786" ind1="0" ind2=" ">
<subfield code="n">Acta Fisiátrica; v. 26 n. 1 (2019)</subfield>
</datafield>  <datafield tag="546" ind1=" " ind2=" ">
<subfield code="a">por</subfield>
</datafield>   <datafield tag="540" ind1=" " ind2=" ">
<subfield code="a">Copyright (c) 2019 Acta Fisiátrica</subfield>
</datafield>
</record>
</metadata>
</record>