
<record>
<header>
<identifier>oai:revistas.usp.br:article/163420</identifier>
<datestamp>2020-08-19T14:51:20Z</datestamp>
<setSpec>actafisiatrica:Art.+Orig.</setSpec>
<setSpec>driver</setSpec>
</header>
<metadata>
<record xmlns="http://www.loc.gov/MARC21/slim" xmlns:xsi="http://www.w3.org/2001/XMLSchema-instance" xsi:schemaLocation="http://www.loc.gov/MARC21/slim http://www.loc.gov/standards/marcxml/schema/MARC21slim.xsd">
<leader>     nmb a2200000Iu 4500</leader>
<controlfield tag="008">"190331 2019                        eng  "</controlfield>
<datafield tag="022" ind1="#" ind2="#">
<subfield code="$a">2317-0190</subfield>
</datafield>
<datafield tag="022" ind1="#" ind2="#">
<subfield code="$a">0104-7795</subfield>
</datafield>
<datafield tag="042" ind1=" " ind2=" ">
<subfield code="a">dc</subfield>
</datafield>
<datafield tag="245" ind1="0" ind2="0">
<subfield code="a">Efeito de 12 semanas de exercício físico domiciliar na aptidão física de idosas com câncer de mama em hormonioterapia: ensaio clínico randomizado</subfield>
</datafield>  <datafield tag="720" ind1="1" ind2=" ">
<subfield code="a">Souza Filho, Breno Augusto Bormann de</subfield>
<subfield code="u">Escola Nacional de Saúde Pública</subfield><subfield code="0">https://orcid.org/0000-0002-1700-8688</subfield></datafield>
<datafield tag="720" ind1="1" ind2=" ">
<subfield code="a">Silva Júnior, José Roberto da</subfield>
<subfield code="u">Instituto de Medicina Integral Prof. Fernando Figueira</subfield></datafield>
<datafield tag="720" ind1="1" ind2=" ">
<subfield code="a">Smethurst, William Serrano</subfield>
<subfield code="u">Universidade de Pernambuco</subfield></datafield>
<datafield tag="720" ind1="1" ind2=" ">
<subfield code="a">Santos, Dalmir Cavalcanti dos</subfield>
<subfield code="u">Instituto de Medicina Integral Prof. Fernando Figueira</subfield></datafield>
<datafield tag="720" ind1="1" ind2=" ">
<subfield code="a">Carmo, Cleber Nascimento do</subfield>
<subfield code="u">Escola Nacional de Saúde Pública</subfield></datafield>
<datafield tag="720" ind1="1" ind2=" ">
<subfield code="a">Mattos, Inês Echenique</subfield>
<subfield code="u">Escola Nacional de Saúde Pública</subfield><subfield code="0">https://orcid.org/0000-0002-7297-1864</subfield></datafield>
<datafield tag="720" ind1="1" ind2=" ">
<subfield code="a">Alves, João Guilherme Bezerra</subfield>
<subfield code="u">Instituto de Medicina Integral Prof. Fernando Figueira</subfield></datafield>
<datafield tag="520" ind1=" " ind2=" ">
<subfield code="a"> Objetivo: Avaliar os efeitos de um programa de exercícios físicos domiciliares na aptidão física de idosas com câncer de mama em tratamento. Métodos: Ensaio clínico randomizado com 75 idosas com câncer de mama, realizado em um Hospital Geral do Recife, Brasil, de abril a novembro de 2015. 38 foram alocadas para um programa de exercícios físicos domiciliares, durante 12 semanas, e 37 para o Grupo Controle, o qual recebeu palestras mensais sobre a importância da manutenção de um estilo de vida ativo. Um manual de exercícios físicos e DVD foi previamente desenvolvido e distribuído para o Grupo Intervenção. Foi utilizada a bateria Senior Fitness Test para avaliar a aptidão física. Resultados: Foi observada melhora significativa da força muscular, flexibilidade, equilíbrio e resistência aeróbica no Grupo Intervenção, de acordo com os itens da SFT; Flexão de Antebraço (13,74 - 17,10 repetições, p &lt;0,01); Levantar e Sentar (12,03 - 14,55 repetições, p &lt;0,01); Ir e Vir (6,85 - 6,00 segundos, p &lt;0,01), marcha estacionária de 2 minutos (79,08 - 123,37 duplas passadas, p &lt;0,01); Alcançar as Costas (-8,74 a -0,42 centímetros, p &lt;0,01); e Sentar e Alcançar (-6,76 a 4,76 centímetros, p &lt;0,01). Não foram observadas melhoras com relação ao IMC e força de preensão manual. Conclusão: O programa de exercícios físicos domiciliares mostrou eficácia para melhorar a aptidão física em idosas com câncer de mama em tratamento. </subfield>
</datafield>
<datafield tag="260" ind1=" " ind2=" ">
<subfield code="b">Faculdade de Medicina, Universidade de São Paulo</subfield>
</datafield>
<dataField tag="260" ind1=" " ind2=" ">
<subfield code="c">2019-03-31 00:00:00</subfield>
</dataField>   <datafield tag="856" ind1=" " ind2=" ">
<subfield code="q">application/pdf</subfield>
</datafield>
<datafield tag="856" ind1="4" ind2="0">
<subfield code="u">https://www.revistas.usp.br/actafisiatrica/article/view/163420</subfield>
</datafield>  <datafield tag="786" ind1="0" ind2=" ">
<subfield code="n">Acta Fisiátrica; v. 26 n. 1 (2019)</subfield>
</datafield>  <datafield tag="546" ind1=" " ind2=" ">
<subfield code="a">por</subfield>
</datafield>   <datafield tag="540" ind1=" " ind2=" ">
<subfield code="a">Copyright (c) 2019 Acta Fisiátrica</subfield>
</datafield>
</record>
</metadata>
</record>