
<record>
<header>
<identifier>oai:revistas.usp.br:article/163787</identifier>
<datestamp>2020-08-20T19:58:07Z</datestamp>
<setSpec>actafisiatrica:Art.+Orig.</setSpec>
<setSpec>driver</setSpec>
</header>
<metadata>
<record xmlns="http://www.loc.gov/MARC21/slim" xmlns:xsi="http://www.w3.org/2001/XMLSchema-instance" xsi:schemaLocation="http://www.loc.gov/MARC21/slim http://www.loc.gov/standards/marcxml/schema/MARC21slim.xsd">
<leader>     nmb a2200000Iu 4500</leader>
<controlfield tag="008">"190331 2019                        eng  "</controlfield>
<datafield tag="022" ind1="#" ind2="#">
<subfield code="$a">2317-0190</subfield>
</datafield>
<datafield tag="022" ind1="#" ind2="#">
<subfield code="$a">0104-7795</subfield>
</datafield>
<datafield tag="042" ind1=" " ind2=" ">
<subfield code="a">dc</subfield>
</datafield>
<datafield tag="245" ind1="0" ind2="0">
<subfield code="a">Aplicabilidade dos qualificadores da Classificação Internacional de Funcionalidade, Incapacidade e Saúde (CIF) em pacientes neurológicos adultos em um centro de reabilitação em São Paulo, Brasil</subfield>
</datafield>  <datafield tag="720" ind1="1" ind2=" ">
<subfield code="a">Gomes, Juliana Leme</subfield>
<subfield code="u">Associação de Assistência à Criança com Deficiência – AACD</subfield></datafield>
<datafield tag="720" ind1="1" ind2=" ">
<subfield code="a">Lopes, Uleida de Brito Lima</subfield>
<subfield code="u">Associação de Assistência à Criança com Deficiência – AACD</subfield><subfield code="0">https://orcid.org/0000-0001-9695-3460</subfield></datafield>
<datafield tag="720" ind1="1" ind2=" ">
<subfield code="a">Freitas, Simone Ferreira de</subfield>
<subfield code="u">Associação de Assistência à Criança com Deficiência – AACD</subfield></datafield>
<datafield tag="720" ind1="1" ind2=" ">
<subfield code="a">Ferreira, Luana Talita Diniz</subfield>
<subfield code="u">Associação de Assistência à Criança com Deficiência – AACD</subfield></datafield>
<datafield tag="720" ind1="1" ind2=" ">
<subfield code="a">Oliveira, Clarissa Barros de</subfield>
<subfield code="u">Associação de Assistência à Criança com Deficiência – AACD</subfield></datafield>
<datafield tag="520" ind1=" " ind2=" ">
<subfield code="a"> A Classificação Internacional de Funcionalidade, Incapacidade e Saúde (CIF) vem sendo utilizada na Associação de Assistência à Criança com Deficiência (AACD) desde 2011 no setor de Fisioterapia Adulto. Esta Classificação, desde então, serve como base para nortear os objetivos funcionais traçados, para melhorar a comunicação entre os setores multiprofissionais e para indicar qualidade assistencial para fins de auditoria de serviço institucional. A experiência foi válida para a instituição e bem aceita pelos seus colaboradores, e seu uso pôde ser expandido. A Organização Mundial da Saúde (OMS) sugere que o uso dos códigos da CIF não está completo sem a utilização dos seus qualificadores. Dessa forma o presente trabalho tem como objetivo descrever a implantação da CIF e seus qualificadores no setor de fisioterapia de adultos da instituição. O instrumento adaptado para uso neste serviço permite avaliar o paciente na sua admissão e acompanhar sua evolução ao longo do seu processo de reabilitação, de forma a ser utilizado como indicador de evolução setorial. Será relatado nesse trabalho o processo que foi realizado: a implantação da classificação, o estudo de aprofundamento na qualificação preconizada; desenvolvimento de um instrumento adequado para a prática clínica do serviço; treinamento dos profissionais e projeto piloto; além de reportar dados iniciais na forma de indicadores de evolução. </subfield>
</datafield>
<datafield tag="260" ind1=" " ind2=" ">
<subfield code="b">Faculdade de Medicina, Universidade de São Paulo</subfield>
</datafield>
<dataField tag="260" ind1=" " ind2=" ">
<subfield code="c">2019-03-31 00:00:00</subfield>
</dataField>   <datafield tag="856" ind1=" " ind2=" ">
<subfield code="q">application/pdf</subfield>
</datafield>
<datafield tag="856" ind1="4" ind2="0">
<subfield code="u">https://www.revistas.usp.br/actafisiatrica/article/view/163787</subfield>
</datafield>  <datafield tag="786" ind1="0" ind2=" ">
<subfield code="n">Acta Fisiátrica; v. 26 n. 1 (2019)</subfield>
</datafield>  <datafield tag="546" ind1=" " ind2=" ">
<subfield code="a">por</subfield>
</datafield>   <datafield tag="540" ind1=" " ind2=" ">
<subfield code="a">Copyright (c)  </subfield>
</datafield>
</record>
</metadata>
</record>