
<record>
<header>
<identifier>oai:revistas.usp.br:article/163789</identifier>
<datestamp>2020-08-21T17:58:55Z</datestamp>
<setSpec>actafisiatrica:Art.+Rev.</setSpec>
<setSpec>driver</setSpec>
</header>
<metadata>
<record xmlns="http://www.loc.gov/MARC21/slim" xmlns:xsi="http://www.w3.org/2001/XMLSchema-instance" xsi:schemaLocation="http://www.loc.gov/MARC21/slim http://www.loc.gov/standards/marcxml/schema/MARC21slim.xsd">
<leader>     nmb a2200000Iu 4500</leader>
<controlfield tag="008">"190331 2019                        eng  "</controlfield>
<datafield tag="022" ind1="#" ind2="#">
<subfield code="$a">2317-0190</subfield>
</datafield>
<datafield tag="022" ind1="#" ind2="#">
<subfield code="$a">0104-7795</subfield>
</datafield>
<datafield tag="042" ind1=" " ind2=" ">
<subfield code="a">dc</subfield>
</datafield>
<datafield tag="245" ind1="0" ind2="0">
<subfield code="a">Instrumentos de avaliação da sexualidade em homens e mulheres após a lesão medular: uma revisão sistemática</subfield>
</datafield>  <datafield tag="720" ind1="1" ind2=" ">
<subfield code="a">Moura, Ana Carolina Monteiro Lessa de</subfield>
<subfield code="u">Faculdade de Ciências Médicas de Minas Gerais – FCMMG</subfield></datafield>
<datafield tag="720" ind1="1" ind2=" ">
<subfield code="a">Costa, Pollyana Helena Vieira</subfield>
<subfield code="u">Faculdade de Ciências Médicas de Minas Gerais – FCMMG</subfield><subfield code="0">https://orcid.org/0000-0002-5932-200X</subfield></datafield>
<datafield tag="720" ind1="1" ind2=" ">
<subfield code="a">Polese, Janaine Cunha</subfield>
<subfield code="u">Faculdade de Ciências Médicas de Minas Gerais – FCMMG</subfield><subfield code="0">https://orcid.org/0000-0003-3366-1545</subfield></datafield>
<datafield tag="520" ind1=" " ind2=" ">
<subfield code="a"> A disponibilidade de instrumentos para avaliação da saúde sexual é muito importante para uma boa prática clínica, pois permite que os profissionais da área da saúde avaliem e intervenham de forma eficaz, atingindo os melhores padrões de avaliação e intervenção, e assim, melhorem a vida sexual dessa população. Objetivo: Revisar sistematicamente os instrumentos de avaliação da sexualidade em homens e mulheres após a lesão medular disponíveis na literatura, em relação ao seu uso e propriedades de medida. Método: Trata-se de uma revisão sistemática da literatura das bases de dados Pubmed, Lilacs, Scielo e Cinahl, de todos os estudos até maio de 2019, em que a estratégia de busca consistiu na utilização das palavras-chave: sexuality, spinal cord injury, evaluation, assessment e questionnaires. Os artigos identificados pela estratégia de busca inicial foram avaliados conforme critérios de inclusão pré-estabelecidos. Os desfechos foram mecanismos sexuais (excitação, ejaculação, ereção e orgasmo), desejo, satisfação, frequência sexual, ajuste, educação sexual e relação com o parceiro. Os dados foram organizados em tabelas foram apresentados através de uma análise descritiva dos resultados dos estudos incluídos. Resultados: Dezoito estudos atenderam aos critérios de elegibilidade e foram incluídos. Foram encontrados sete instrumentos validados para avaliação da sexualidade em indivíduos com lesão medular, nove genéricos e doze instrumentos para avaliação de fatores possivelmente relacionados a sexualidade. Dois avaliaram as propriedades de medida, sendo que em ambos foram adequadas. Conclusão: Esta revisão identificou um total de 28 instrumentos que foram utilizados na avaliação da sexualidade em indivíduos com lesão medular, entretanto, apenas sete desses instrumentos foram validados. </subfield>
</datafield>
<datafield tag="260" ind1=" " ind2=" ">
<subfield code="b">Faculdade de Medicina, Universidade de São Paulo</subfield>
</datafield>
<dataField tag="260" ind1=" " ind2=" ">
<subfield code="c">2019-03-31 00:00:00</subfield>
</dataField>   <datafield tag="856" ind1=" " ind2=" ">
<subfield code="q">application/pdf</subfield>
</datafield>
<datafield tag="856" ind1="4" ind2="0">
<subfield code="u">https://www.revistas.usp.br/actafisiatrica/article/view/163789</subfield>
</datafield>  <datafield tag="786" ind1="0" ind2=" ">
<subfield code="n">Acta Fisiátrica; v. 26 n. 1 (2019)</subfield>
</datafield>  <datafield tag="546" ind1=" " ind2=" ">
<subfield code="a">por</subfield>
</datafield>   <datafield tag="540" ind1=" " ind2=" ">
<subfield code="a">Copyright (c) 2019 Acta Fisiátrica</subfield>
</datafield>
</record>
</metadata>
</record>