
<record>
<header>
<identifier>oai:revistas.usp.br:article/163839</identifier>
<datestamp>2020-02-05T18:48:52Z</datestamp>
<setSpec>actafisiatrica:Art.+Rev.</setSpec>
<setSpec>driver</setSpec>
</header>
<metadata>
<record xmlns="http://www.loc.gov/MARC21/slim" xmlns:xsi="http://www.w3.org/2001/XMLSchema-instance" xsi:schemaLocation="http://www.loc.gov/MARC21/slim http://www.loc.gov/standards/marcxml/schema/MARC21slim.xsd">
<leader>     nmb a2200000Iu 4500</leader>
<controlfield tag="008">"181231 2018                        eng  "</controlfield>
<datafield tag="022" ind1="#" ind2="#">
<subfield code="$a">2317-0190</subfield>
</datafield>
<datafield tag="022" ind1="#" ind2="#">
<subfield code="$a">0104-7795</subfield>
</datafield>
<datafield tag="042" ind1=" " ind2=" ">
<subfield code="a">dc</subfield>
</datafield>
<datafield tag="245" ind1="0" ind2="0">
<subfield code="a">Uso da terapia por ondas de choque para o tratamento do linfedema associado ao câncer de mama: uma revisão sistemática</subfield>
</datafield>  <datafield tag="720" ind1="1" ind2=" ">
<subfield code="a">Bagatini, Otávio Augusto</subfield>
<subfield code="u">Instituto de Medicina Física e Reabilitação do Hospital das Clínicas – HCFMUSP</subfield></datafield>
<datafield tag="720" ind1="1" ind2=" ">
<subfield code="a">Bertin, Camila</subfield>
<subfield code="u">Instituto de Medicina Física e Reabilitação do Hospital das Clínicas – HCFMUSP</subfield></datafield>
<datafield tag="720" ind1="1" ind2=" ">
<subfield code="a">Hong, Fernando</subfield>
<subfield code="u">Instituto de Medicina Física e Reabilitação do Hospital das Clínicas – HCFMUSP</subfield></datafield>
<datafield tag="720" ind1="1" ind2=" ">
<subfield code="a">Guarita, Maria Lucia Costacurta</subfield>
<subfield code="u">Instituto do Câncer do Estado de São Paulo – ICESP</subfield></datafield>
<datafield tag="720" ind1="1" ind2=" ">
<subfield code="a">Shinzato, Gilson Tanaka</subfield>
<subfield code="u">Instituto de Medicina Física e Reabilitação do Hospital das Clínicas – HCFMUSP</subfield></datafield>
<datafield tag="720" ind1="1" ind2=" ">
<subfield code="a">Imamura, Marta</subfield>
<subfield code="u">Universidade de São Paulo – USP</subfield><subfield code="0">https://orcid.org/0000-0003-0355-9697</subfield></datafield>
<datafield tag="720" ind1="1" ind2=" ">
<subfield code="a">Brito, Christina May Moran de</subfield>
<subfield code="u">Instituto do Câncer do Estado de São Paulo – ICESP</subfield></datafield>
<datafield tag="720" ind1="1" ind2=" ">
<subfield code="a">Battistella, Linamara Rizzo</subfield>
<subfield code="u">Universidade de São Paulo – USP</subfield><subfield code="0">https://orcid.org/0000-0001-5275-0733</subfield></datafield>
<datafield tag="520" ind1=" " ind2=" ">
<subfield code="a"> O linfedema associado ao câncer de mama é causa de prejuízo significativo da qualidade de vida deste grupo de pacientes e constitui complicação frequente das intervenções necessárias nesse tipo de câncer. Sabe-se que o tratamento utilizado no linfedema associado ao câncer de mama envolve a Terapia Física Complexa (TFC), cuja eficácia é limitada e não atua diretamente na patogênese dessa comorbidade. Conforme já demonstrado em alguns estudos, o uso da Terapia por Ondas de Choque (TOC) demonstra-se potencialmente benéfico para reduzir o linfedema pela indução de neoangiogênese e linfangiogênese. Objetivo: Avaliar o impacto da TOC no tratamento do linfedema associado ao câncer de mama comparado ao uso da TFC. Métodos: Foram utilizadas as seguintes bases de dados: PubMed/MedLine; BIREME; LILACS; The Cochrane Library e EMBASE, e através de busca manual de artigos. Adotou-se o método de pesquisa PICO e os descritores MeSH ajustados conforme a respectiva base de dados. Resultados: Foram encontrados um total de 262 artigos e selecionados por leitura do título ou resumo um total de 17 estudos. Seis foram excluídos por serem duplicatas, totalizando 11 artigos eleitos para verificação dos critérios de inclusão. Destes, nenhum artigo atendeu ao delineamento da metodologia proposta para esta revisão. Três deles se destacaram por se aproximarem mais da temática proposta e foram discutidos. Conclusão: É necessária a realização de estudos com qualidade metodológica adequada para avaliar o potencial benefício do uso da TOC, visando contribuir para a composição de um tratamento mais eficaz, seguro e que atue na patogênese da doença. </subfield>
</datafield>
<datafield tag="260" ind1=" " ind2=" ">
<subfield code="b">Faculdade de Medicina, Universidade de São Paulo</subfield>
</datafield>
<dataField tag="260" ind1=" " ind2=" ">
<subfield code="c">2018-12-31 00:00:00</subfield>
</dataField>   <datafield tag="856" ind1=" " ind2=" ">
<subfield code="q">application/pdf</subfield>
</datafield>
<datafield tag="856" ind1="4" ind2="0">
<subfield code="u">https://www.revistas.usp.br/actafisiatrica/article/view/163839</subfield>
</datafield>  <datafield tag="786" ind1="0" ind2=" ">
<subfield code="n">Acta Fisiátrica; v. 25 n. 4 (2018)</subfield>
</datafield>  <datafield tag="546" ind1=" " ind2=" ">
<subfield code="a">por</subfield>
</datafield>   <datafield tag="540" ind1=" " ind2=" ">
<subfield code="a">Copyright (c) 2018 Acta Fisiátrica</subfield>
</datafield>
</record>
</metadata>
</record>