
<record>
<header>
<identifier>oai:revistas.usp.br:article/163840</identifier>
<datestamp>2019-12-24T16:50:40Z</datestamp>
<setSpec>actafisiatrica:Rel.+Caso</setSpec>
<setSpec>driver</setSpec>
</header>
<metadata>
<record xmlns="http://www.loc.gov/MARC21/slim" xmlns:xsi="http://www.w3.org/2001/XMLSchema-instance" xsi:schemaLocation="http://www.loc.gov/MARC21/slim http://www.loc.gov/standards/marcxml/schema/MARC21slim.xsd">
<leader>     nmb a2200000Iu 4500</leader>
<controlfield tag="008">"181231 2018                        eng  "</controlfield>
<datafield tag="022" ind1="#" ind2="#">
<subfield code="$a">2317-0190</subfield>
</datafield>
<datafield tag="022" ind1="#" ind2="#">
<subfield code="$a">0104-7795</subfield>
</datafield>
<datafield tag="042" ind1=" " ind2=" ">
<subfield code="a">dc</subfield>
</datafield>
<datafield tag="245" ind1="0" ind2="0">
<subfield code="a">Mensuração da força muscular dos extensores do tronco em diferentes velocidades angulares no dinamômetro isocinético em uma pessoa após traumatismo crânio encefálico: relato de caso</subfield>
</datafield>  <datafield tag="720" ind1="1" ind2=" ">
<subfield code="a">Montelli, Rita de Cássia</subfield>
<subfield code="u">Instituto de Medicina Física e Reabilitação - HCFMUSP</subfield></datafield>
<datafield tag="720" ind1="1" ind2=" ">
<subfield code="a">Gonçalves, Adilson</subfield>
<subfield code="u">Instituto de Medicina Física e Reabilitação - HCFMUSP</subfield></datafield>
<datafield tag="720" ind1="1" ind2=" ">
<subfield code="a">Duran, Tania Cristina</subfield>
<subfield code="u">Instituto de Medicina Física e Reabilitação - HCFMUSP</subfield></datafield>
<datafield tag="720" ind1="1" ind2=" ">
<subfield code="a">Miyahara, Katia Lina</subfield>
<subfield code="u">Instituto de Medicina Física e Reabilitação - HCFMUSP</subfield></datafield>
<datafield tag="720" ind1="1" ind2=" ">
<subfield code="a">Mota, Cristiane Gonçalves</subfield>
<subfield code="u">Instituto de Medicina Física e Reabilitação - HCFMUSP</subfield><subfield code="0">https://orcid.org/0000-0001-8596-8712</subfield></datafield>
<datafield tag="720" ind1="1" ind2=" ">
<subfield code="a">Shinzato, Gilson Tanaka</subfield>
<subfield code="u">Instituto de Medicina Física e Reabilitação - HCFMUSP</subfield></datafield>
<datafield tag="520" ind1=" " ind2=" ">
<subfield code="a"> Objetivo: Avaliar a velocidade de movimento de extensão do tronco, em três fases angulares, dentro do intervalo de movimento de 15 graus por segundo (º/s) a 60º/s, em uma pessoa com dupla hemiparesia, após traumatismo crânio encefálico. Métodos: A amostra foi composta por um participante do sexo masculino, idade 18 anos, com dupla hemiparesia predominante à direita, limitação de amplitude de movimento de quadril e joelho direito após TCE causado por acidente automobilístico. A força muscular dos extensores do tronco foi verificada por meio da avaliação isocinética, em um dinamômetro da marca Cybex® modelo 6000. O programa de treinamento isocinético foi realizado duas vezes por semana, em sessões de 60 minutos, durante 35 semanas no Serviço de Condicionamento Físico - IMREA HCFMUSP, unidade Vila Mariana, São Paulo / SP. Resultados: Após 10 sessões, o pico do torque apresentou aumento de 193,0% e 160,0% na força muscular concêntrica dos extensores do tronco realizada em velocidade angular de 15 e 30 graus por segundo respectivamente e, após 70 sessões, a melhora apresentada foi de 102% para velocidade angular de 60 graus por segundo. Conclusão: O treinamento isocinético pode contribuir para melhora da força muscular dos extensores do tronco de um adulto jovem com sequela neurológica após traumatismo crânio-encefálico, contribuindo para melhora do equilíbrio, diminuição de dores e de riscos de futuras lesões musculoesqueléticas. </subfield>
</datafield>
<datafield tag="260" ind1=" " ind2=" ">
<subfield code="b">Faculdade de Medicina, Universidade de São Paulo</subfield>
</datafield>
<dataField tag="260" ind1=" " ind2=" ">
<subfield code="c">2018-12-31 00:00:00</subfield>
</dataField>   <datafield tag="856" ind1=" " ind2=" ">
<subfield code="q">application/pdf</subfield>
</datafield>
<datafield tag="856" ind1="4" ind2="0">
<subfield code="u">https://www.revistas.usp.br/actafisiatrica/article/view/163840</subfield>
</datafield>  <datafield tag="786" ind1="0" ind2=" ">
<subfield code="n">Acta Fisiátrica; v. 25 n. 4 (2018)</subfield>
</datafield>  <datafield tag="546" ind1=" " ind2=" ">
<subfield code="a">por</subfield>
</datafield>   <datafield tag="540" ind1=" " ind2=" ">
<subfield code="a">Copyright (c) 2018 Acta Fisiátrica</subfield>
</datafield>
</record>
</metadata>
</record>