
<record>
<header>
<identifier>oai:revistas.usp.br:article/163850</identifier>
<datestamp>2019-12-24T16:50:40Z</datestamp>
<setSpec>actafisiatrica:Art.+Rev.</setSpec>
<setSpec>driver</setSpec>
</header>
<metadata>
<record xmlns="http://www.loc.gov/MARC21/slim" xmlns:xsi="http://www.w3.org/2001/XMLSchema-instance" xsi:schemaLocation="http://www.loc.gov/MARC21/slim http://www.loc.gov/standards/marcxml/schema/MARC21slim.xsd">
<leader>     nmb a2200000Iu 4500</leader>
<controlfield tag="008">"181231 2018                        eng  "</controlfield>
<datafield tag="022" ind1="#" ind2="#">
<subfield code="$a">2317-0190</subfield>
</datafield>
<datafield tag="022" ind1="#" ind2="#">
<subfield code="$a">0104-7795</subfield>
</datafield>
<datafield tag="042" ind1=" " ind2=" ">
<subfield code="a">dc</subfield>
</datafield>
<datafield tag="245" ind1="0" ind2="0">
<subfield code="a">Métodos de avaliação da composição corporal em pessoas com amputação de membros</subfield>
</datafield>  <datafield tag="720" ind1="1" ind2=" ">
<subfield code="a">Silvestre, Orcizo Francisco</subfield>
<subfield code="u">Universidade Estadual de Campinas – UNICAMP</subfield><subfield code="0">https://orcid.org/0000-0001-8537-4906</subfield></datafield>
<datafield tag="720" ind1="1" ind2=" ">
<subfield code="a">Buratti, Jessica Reis</subfield>
<subfield code="u">Universidade Estadual de Campinas – UNICAMP</subfield></datafield>
<datafield tag="720" ind1="1" ind2=" ">
<subfield code="a">Mattosinho, Rafael Ribeiro</subfield>
<subfield code="u">Universidade Estadual de Campinas – UNICAMP</subfield></datafield>
<datafield tag="720" ind1="1" ind2=" ">
<subfield code="a">Borges, Mariane</subfield>
<subfield code="u">Universidade Estadual de Campinas – UNICAMP</subfield></datafield>
<datafield tag="720" ind1="1" ind2=" ">
<subfield code="a">Gorla, José Irineu</subfield>
<subfield code="u">Universidade Estadual de Campinas – UNICAMP</subfield><subfield code="0">https://orcid.org/0000-0002-0475-4745</subfield></datafield>
<datafield tag="520" ind1=" " ind2=" ">
<subfield code="a"> Objective: Identify which methods of have been used to assess the body composition individuals with limb amputation from the literature review. Method: In order to reach the defined objective, the Pubmed and Scielo databases were used, through the descriptors (in combination with amputation) body composition, fat mass and lean mass from 1986 to 2019. Results: Found articles went through the inclusion and exclusion criteria and 17 articles were selected, all of them using anthropometric measures (body mass and stature), followed by bone densitometry (DXA) and thickness of skinfolds. It can also be observed that most of the studies are focused on the health aspect which focused on nutrition and risk factors. Conclusion: Through this review we observed that the anthropometric methods were mostly used to evaluate body composition in individuals with limb amputation followed by bone densitometry. However, the studies were scarce and many procedures were not so clear to make a more careful analysis unfeasible. In addition, there is a lack of longitudinal studies and especially in the area of sports performance in this population, indicating an important gap to be explored. </subfield>
</datafield>
<datafield tag="260" ind1=" " ind2=" ">
<subfield code="b">Faculdade de Medicina, Universidade de São Paulo</subfield>
</datafield>
<dataField tag="260" ind1=" " ind2=" ">
<subfield code="c">2018-12-31 00:00:00</subfield>
</dataField>   <datafield tag="856" ind1=" " ind2=" ">
<subfield code="q">application/pdf</subfield>
</datafield>
<datafield tag="856" ind1="4" ind2="0">
<subfield code="u">https://www.revistas.usp.br/actafisiatrica/article/view/163850</subfield>
</datafield>  <datafield tag="786" ind1="0" ind2=" ">
<subfield code="n">Acta Fisiátrica; v. 25 n. 4 (2018)</subfield>
</datafield>  <datafield tag="546" ind1=" " ind2=" ">
<subfield code="a">eng</subfield>
</datafield>   <datafield tag="540" ind1=" " ind2=" ">
<subfield code="a">Copyright (c) 2018 Acta Fisiátrica</subfield>
</datafield>
</record>
</metadata>
</record>