
<record>
<header>
<identifier>oai:revistas.usp.br:article/163852</identifier>
<datestamp>2020-02-06T20:35:02Z</datestamp>
<setSpec>actafisiatrica:Art.+Orig.</setSpec>
<setSpec>driver</setSpec>
</header>
<metadata>
<record xmlns="http://www.loc.gov/MARC21/slim" xmlns:xsi="http://www.w3.org/2001/XMLSchema-instance" xsi:schemaLocation="http://www.loc.gov/MARC21/slim http://www.loc.gov/standards/marcxml/schema/MARC21slim.xsd">
<leader>     nmb a2200000Iu 4500</leader>
<controlfield tag="008">"181231 2018                        eng  "</controlfield>
<datafield tag="022" ind1="#" ind2="#">
<subfield code="$a">2317-0190</subfield>
</datafield>
<datafield tag="022" ind1="#" ind2="#">
<subfield code="$a">0104-7795</subfield>
</datafield>
<datafield tag="042" ind1=" " ind2=" ">
<subfield code="a">dc</subfield>
</datafield>
<datafield tag="245" ind1="0" ind2="0">
<subfield code="a">Análise da assimetria de força de preensão manual entre os sexos</subfield>
</datafield>  <datafield tag="720" ind1="1" ind2=" ">
<subfield code="a">Fernandes, Lidiane Aparecida</subfield>
<subfield code="u">Universidade Federal de Minas Gerais – UFMG</subfield><subfield code="0">https://orcid.org/0000-0001-8909-1612</subfield></datafield>
<datafield tag="720" ind1="1" ind2=" ">
<subfield code="a">Bruno, Mateus Gonçalves</subfield>
<subfield code="u">Universidade Federal de Minas Gerais – UFMG</subfield></datafield>
<datafield tag="720" ind1="1" ind2=" ">
<subfield code="a">Lage, Guilherme Menezes</subfield>
<subfield code="u">Universidade Federal de Minas Gerais – UFMG</subfield></datafield>
<datafield tag="720" ind1="1" ind2=" ">
<subfield code="a">Matos, Cíntia de Oliveira</subfield>
<subfield code="u">Universidade Federal de Minas Gerais – UFMG</subfield></datafield>
<datafield tag="720" ind1="1" ind2=" ">
<subfield code="a">Walker, Paula Carolina Leite</subfield>
<subfield code="u">Universidade Federal de Minas Gerais – UFMG</subfield></datafield>
<datafield tag="720" ind1="1" ind2=" ">
<subfield code="a">Souza, Tércio Apolinário</subfield>
<subfield code="u">Universidade Federal de Minas Gerais – UFMG</subfield><subfield code="0">https://orcid.org/0000-0002-2136-0238</subfield></datafield>
<datafield tag="520" ind1=" " ind2=" ">
<subfield code="a"> É da natureza dos seres humanos apresentarem preferências na realização de tarefas do dia-a-dia. Esta preferência está associada à lateralidade. Um dos campos de estudo sobre a lateralidade é a assimetria lateral, que está presente tanto na dimensão da preferência quanto no desempenho. Objetivo: Este estudo teve como objetivo comparar a assimetria de força de preensão manual entre os sexos, e identificar se há associação entre assimetria de desempenho e assimetria de preferência. Método: A amostra foi composta por 50 estudantes universitários que realizaram teste de força de preensão manual máxima. Resultados: Os resultados indicaram que o os homens apresentaram valores absolutos maiores, maior índice de assimetria e menor consistência quando comparados às mulheres. Além disso, a mão preferida apresentou valores maiores de força em ambos os sexos.  Conclusão:  Em linhas gerais, sugere-se que fatores genéticos, sociais, culturais e sexo influenciam o comportamento motor dos indivíduos e, consequentemente, as assimetrias de desempenho. </subfield>
</datafield>
<datafield tag="260" ind1=" " ind2=" ">
<subfield code="b">Faculdade de Medicina, Universidade de São Paulo</subfield>
</datafield>
<dataField tag="260" ind1=" " ind2=" ">
<subfield code="c">2018-12-31 00:00:00</subfield>
</dataField>   <datafield tag="856" ind1=" " ind2=" ">
<subfield code="q">application/pdf</subfield>
</datafield>
<datafield tag="856" ind1="4" ind2="0">
<subfield code="u">https://www.revistas.usp.br/actafisiatrica/article/view/163852</subfield>
</datafield>  <datafield tag="786" ind1="0" ind2=" ">
<subfield code="n">Acta Fisiátrica; v. 25 n. 4 (2018)</subfield>
</datafield>  <datafield tag="546" ind1=" " ind2=" ">
<subfield code="a">por</subfield>
</datafield>   <datafield tag="540" ind1=" " ind2=" ">
<subfield code="a">Copyright (c) 2018 Acta Fisiátrica</subfield>
</datafield>
</record>
</metadata>
</record>
<resumptionToken expirationDate="2023-08-08T14:50:27Z" completeListSize="935" cursor="675">8017ff66214773aa0e0295651ab9744c</resumptionToken>
</ListRecords>
</OAI-PMH> 